4368 5408
973 589 1038 662 xlv

299 767 399 836 sultre
413 768 591 836 exaccionis
604 784 637 835 et
651 769 863 858 imposicionis
878 770 973 838 miser
988 795 1060 838 sour
1074 773 1122 839 lez
1138 773 1202 840 ditz
1217 775 1307 840 Prior
1322 787 1354 841 et
1368 787 1484 842 covent
1497 799 1577 864 pour
1590 775 1691 865 grand

294 873 435 960 jornaiea
457 889 489 939 et
503 887 596 962 petua
610 888 643 940 et
657 875 844 940 aulterment
860 899 878 940 a
888 875 963 961 jour
977 877 1016 942 dc
1030 878 1105 964 jour
1119 903 1159 945 en
1181 881 1280 946 aultre
1295 880 1491 946 destruccion
1506 895 1539 947 et
1552 880 1689 946 diminu-

298 987 369 1052 cion
384 987 424 1053 de
439 985 547 1052 divine
570 986 688 1052 service
702 986 747 1052 du
761 985 836 1052 dieu
857 1008 952 1051 saunz
971 986 1053 1072 quils
1074 1001 1167 1054 scunt
1188 987 1419 1077 graciousment
1439 987 1592 1054 remedier
1609 987 1691 1053 Sour

298 1092 352 1178 qui
368 1092 415 1157 lez
430 1089 594 1180 pmmissez
617 1090 795 1156 consideres
817 1103 849 1156 et
868 1115 908 1157 en
930 1091 1165 1158 consideracion
1187 1092 1227 1158 de
1242 1091 1370 1158 avoider
1385 1091 1424 1157 de
1439 1092 1542 1180 grand
1562 1092 1690 1158 lessions

298 1199 354 1265 dez
369 1199 434 1264 ditz
449 1199 540 1264 Prior
553 1213 587 1264 et
607 1212 721 1264 covent
735 1199 862 1264 ordiene
878 1214 924 1265 est
939 1217 1071 1288 graunte
1086 1215 1197 1266 enacte
1212 1199 1340 1266 establie
1355 1223 1412 1288 per
1426 1199 1575 1265 auctorite
1591 1198 1690 1264 dicest

298 1319 422 1393 present
445 1304 613 1392 parliment
636 1326 697 1389 que
717 1302 764 1368 lez
789 1302 854 1367 dita
874 1303 1018 1370 William
1041 1305 1133 1370 Prior
1157 1318 1190 1370 et
1213 1318 1328 1370 covent
1351 1317 1383 1370 et
1404 1304 1474 1369 lour
1496 1325 1688 1369 successours

296 1435 376 1502 pour
392 1425 463 1476 tout
472 1409 561 1494 jours
576 1431 594 1472 a
609 1419 677 1472 tout
691 1419 724 1471 et
738 1429 756 1470 a
770 1406 907 1472 chescun
922 1419 1024 1494 temps
1039 1421 1160 1492 quaunt
1174 1431 1270 1472 arcun
1284 1405 1423 1472 subsidie
1438 1419 1495 1472 tax
1517 1429 1559 1471 ou
1573 1404 1688 1492 tallage

296 1543 379 1584 serra
392 1531 486 1606 grant
505 1539 563 1607 per
577 1513 727 1582 auctorite
749 1511 792 1578 du
814 1513 982 1601 parliment
995 1537 1037 1578 ou
1052 1537 1158 1580 ascum
1174 1513 1291 1578 aultere
1305 1534 1431 1577 manere
1445 1534 1485 1576 ne
1499 1508 1603 1574 lacent
1617 1507 1688 1596 paie

297 1623 351 1709 qui
367 1623 447 1709 xiij⁸.
462 1637 495 1688 et
516 1621 587 1708 iiijt
603 1645 683 1709 pour
694 1634 767 1685 touz
790 1645 911 1688 meners
933 1621 1043 1710 ohargs
1065 1645 1105 1688 en
1128 1635 1199 1686 tout
1219 1633 1251 1686 ct
1271 1621 1407 1686 chescun
1430 1630 1545 1683 counte
1567 1616 1688 1702 barony

296 1743 328 1794 et
342 1728 462 1818 deanry
476 1727 565 1793 deins
588 1740 652 1793 cest
676 1741 757 1793 terre
772 1726 910 1792 Dirland
956 1727 1000 1792 Et
1013 1727 1067 1814 qui
1083 1751 1139 1814 per
1153 1750 1269 1792 mesme
1284 1724 1447 1792 lauctorite
1461 1723 1509 1790 lea
1524 1722 1588 1788 djtz
1603 1720 1688 1810 prior

296 1851 328 1901 et
342 1849 456 1902 covent
470 1849 502 1900 et
515 1833 585 1899 lour
599 1855 791 1900 successuum
810 1833 911 1899 soient
925 1832 1027 1919 quites
1043 1834 1056 1920 [
1302 1835 1315 1921 ]
1332 1832 1464 1918 charges
1478 1829 1519 1896 de
1533 1842 1606 1895 touz
1621 1851 1687 1893 ma·

296 1965 366 2006 nors
380 1940 523 2008 subsides
538 1952 627 2004 taxes
650 1939 778 2028 tellsges
799 1954 832 2006 et
853 1953 925 2004 touz
947 1963 1091 2006 manners
1116 1939 1317 2028 imposicions
1339 1939 1440 2005 destre
1455 1962 1474 2003 a
1487 1933 1639 2025 grantiers
1661 1933 1687 1998 si

294 2046 368 2112 bien
383 2071 402 2111 a
415 2061 518 2113 nostre
533 2046 675 2112 soverain
689 2047 719 2112 le
734 2072 791 2135 roy
813 2071 862 2114 sez
877 2049 964 2114 heirz
980 2061 1012 2114 et
1034 2071 1229 2114 successuum
1244 2071 1315 2114 com
1329 2071 1347 2114 a
1361 2059 1435 2112 touz
1450 2045 1564 2110 aulters
1577 2057 1687 2110 caunts

295 2151 362 2216 rule
377 2175 418 2216 ou
429 2175 696 2238 governaunceeu
705 2151 782 2217 ioest
796 2165 876 2218 terre
891 2151 1035 2240 forsprise
1052 2151 1082 2217 la
1095 2175 1180 2218 some
1195 2151 1235 2218 de
1250 2150 1329 2238 xiij⁵.
1345 2150 1416 2237 iiijd.
1428 2161 1546 2216 avaunt
1559 2147 1686 2214 reherce

296 2258 340 2322 Bt
350 2282 406 2345 per
416 2283 532 2325 mesme
541 2259 704 2326 lauctorite
720 2283 781 2345 que
795 2271 869 2324 touz
878 2257 1023 2324 collonirs
1037 2258 1235 2348 [collectours
1244 2261 1274 2343 Ρ]
1287 2255 1420 2322 officiers
1434 2269 1466 2320 et
1480 2251 1640 2318 ministres
1655 2265 1688 2317 et

295 2364 1069 2432 chescundeeulxentoutetenchescuncouncte
1078 2361 1499 2452 barronyetdeanrydeinps
1506 2371 1686 2448 ycestterre

295 2470 554 2538 sointolerement
564 2472 740 2560 discharges
749 2472 900 2538 sourlour
908 2473 1098 2561 accomptde
1108 2487 1181 2538 touz
1196 2469 1313 2536 aultrea
1324 2469 1457 2556 charges
1472 2489 1558 2553 quex
1568 2463 1687 2530 fuerint

294 2601 335 2640 ou
349 2577 499 2642 sorroient
510 2591 758 2666 appurtenauntz
773 2603 805 2646 es
814 2578 879 2644 ditz
888 2579 973 2669 prior
984 2593 1016 2646 et
1030 2595 1144 2646 covent
1152 2579 1329 2666 forsp[r]ise
1343 2577 1391 2642 lez
1406 2573 1586 2642 collections
1601 2594 1641 2636 sn
1655 2571 1686 2636 la

294 2679 450 2770 desnroye
470 2681 510 2748 de
538 2683 670 2748 Sberdes
695 2683 853 2772 [Swords]
878 2708 963 2770 quex
990 2698 1170 2750 receverent
1195 2684 1235 2750 de
1258 2699 1291 2749 et
1312 2706 1351 2748 en
1371 2680 1531 2768 Belldoyll
1552 2678 1641 2744 deins
1655 2677 1685 2742 le

294 2801 407 2852 counte
430 2787 474 2852 du
490 2789 678 2877 Dyvelinla
700 2789 747 2854 dit
768 2813 854 2857 some
877 2791 917 2856 de
939 2789 1020 2876 xiij·.
1042 2790 1114 2876 iiijr.
1159 2791 1204 2855 Et
1229 2789 1284 2877 qui
1305 2813 1361 2877 per
1382 2810 1499 2854 mesine
1520 2783 1685 2851 lauctorite

294 2891 340 2956 lez
354 2892 419 2958 ditz
434 2892 518 2980 prior
532 2909 564 2960 et
578 2910 692 2960 covent
705 2909 738 2961 et
752 2897 822 2961 lour
831 2920 1022 2962 successoum
1037 2897 1137 2963 soient
1147 2896 1270 2983 quietez
1279 2895 1490 2962 ercleremant
1504 2891 1686 2978 discharges

293 3021 403 3064 envers
428 2999 456 3064 le
479 3001 643 3066 souverain
667 3005 682 3086 [
927 3003 942 3091 ]
969 3002 998 3068 le
1023 3027 1080 3091 roy
1103 3027 1152 3068 sea
1175 3002 1257 3068 heirs
1280 3023 1472 3067 successours
1495 2996 1630 3082 officiers,
1653 3009 1686 3060 et

293 3105 450 3171 ministrer
465 3131 484 3171 a
498 3119 571 3172 touz
594 3121 695 3196 temps
718 3108 826 3174 avenir
848 3133 942 3174 sauna
965 3133 1059 3174 ascun
1082 3109 1303 3197 empeohment
1326 3130 1367 3173 ou
1388 3104 1531 3195 poursuit
1551 3129 1571 3169 a
1587 3104 1685 3189 ejoers

293 3233 333 3272 eu
356 3233 450 3275 ascun
476 3225 583 3276 courte
609 3237 650 3278 ou
673 3230 777 3280 courts
802 3229 891 3281 notre
915 3215 964 3281 dit
989 3215 1191 3302 Souversin[
1377 3213 1441 3302 ]le
1462 3235 1521 3300 roy
1535 3233 1616 3298 pour
1638 3209 1684 3274 lea

293 3315 457 3402 premissez
479 3341 521 3382 ou
546 3342 640 3384 asoun
662 3321 795 3408 parcella
817 3322 929 3390 dicelle
956 3323 1098 3411 forsprise
1119 3323 1144 3388 il
1166 3323 1226 3389 soit
1248 3347 1327 3410 pour
1350 3322 1398 3387 lez
1421 3319 1485 3384 dita
1507 3317 1589 3403 xiij·.
1611 3313 1684 3400 iiijd.

292 3434 324 3484 et
338 3443 395 3508 per
409 3445 524 3488 mesme
539 3422 703 3491 lauotorite
718 3438 808 3492 acuet
821 3426 906 3493 loiall
922 3453 940 3493 a
954 3428 1001 3493 lez
1017 3427 1082 3493 ditz
1097 3428 1188 3493 Prior
1202 3443 1236 3493 et
1249 3441 1363 3494 covent
1377 3441 1409 3492 et
1428 3424 1564 3491 chescun
1579 3421 1619 3486 de
1634 3444 1684 3484 sea

293 3551 484 3594 successours
497 3530 568 3595 lour
581 3545 719 3598 servants
734 3547 767 3598 et
778 3547 923 3626 tenaunts
934 3559 1013 3623 pour
1028 3549 1100 3601 touz
1115 3535 1199 3601 ionrs
1214 3561 1232 3601 a
1253 3535 1394 3602 deforcer
1403 3547 1488 3599 toutz
1501 3545 1533 3598 et
1547 3530 1684 3596 chescun

292 3634 348 3700 dez
360 3635 579 3721 coll[ec]tours
589 3637 720 3704 dasouns
731 3639 816 3705 tilux
832 3641 927 3722 [tielx
938 3647 969 3728 l]
985 3641 1140 3708 subsidiez
1151 3657 1241 3707 taxes
1255 3642 1384 3730 tollages
1394 3639 1561 3706 exaccione
1572 3661 1614 3704 ou
1624 3635 1683 3701 im-

292 3739 447 3827 posicions
461 3765 501 3806 en
515 3756 588 3807 touz
603 3742 691 3809 lieux
706 3745 848 3833 forsprise
863 3747 893 3812 le
907 3746 971 3812 lieu
986 3763 1019 3813 et
1032 3772 1117 3814 some
1133 3763 1267 3814 avaunta
1281 3763 1313 3812 et
1323 3771 1379 3835 per
1390 3769 1505 3812 mesme
1521 3742 1684 3810 lauctorite

293 3871 329 3936 sy
352 3871 446 3913 asoun
468 3851 566 3916 aultre
590 3851 737 3918 collector
758 3878 800 3920 ou
819 3855 939 3920 officior
953 3879 994 3922 ou
1010 3880 1103 3922 ascun
1119 3857 1218 3922 aultre
1242 3855 1392 3921 distreina
1405 3877 1489 3918 vexa
1504 3875 1544 3917 ou
1559 3848 1683 3914 trouble

292 3955 338 4018 lez
354 3953 418 4019 ditz
434 3955 519 4043 prior
533 3970 565 4022 et
579 3973 692 4024 covent
707 3983 749 4024 ou
764 3983 858 4026 escun
873 3961 913 4028 de
927 3961 971 4027 les
988 3964 1001 4049 [
1200 3962 1215 4050 ]
1234 3974 1372 4027 servants
1388 3983 1428 4025 ou
1444 3971 1588 4023 tenaunts
1602 3978 1682 4042 pour

292 4083 386 4126 ascun
406 4061 463 4128 dez
488 4063 653 4150 premissos
681 4089 721 4130 en
739 4079 842 4154 temps
866 4068 974 4134 avenir
1003 4092 1090 4156 apres
1112 4093 1172 4154 que
1199 4083 1264 4134 cest
1281 4081 1332 4133 act
1348 4091 1390 4132 on
1411 4063 1580 4130 ordinance
1599 4085 1682 4128 serra

292 4170 465 4259 eximplifie
480 4171 617 4238 desoubz
632 4172 661 4238 le
676 4172 749 4238 seell
765 4173 806 4238 du
822 4198 881 4262 roy
896 4198 957 4261 que
972 4175 1130 4260 adonques
1141 4173 1188 4240 lez
1198 4174 1262 4239 dita
1283 4171 1467 4240 collectours
1486 4193 1527 4234 ou
1549 4166 1681 4233 officiers

292 4288 324 4340 et
336 4275 484 4341 chesoum
499 4276 539 4342 de
552 4275 628 4342 eulx
640 4276 743 4342 secent
757 4277 882 4344 forfetre
897 4279 945 4344 xl.
961 4278 992 4345 la
1005 4279 1101 4344 moite
1116 4303 1154 4344 au
1171 4279 1244 4367 Roy
1258 4292 1290 4344 et
1303 4276 1415 4344 laultre
1429 4274 1526 4340 moite
1543 4273 1556 4359 [
1660 4271 1675 4358 ]

292 4380 375 4468 prior
389 4393 422 4444 et
436 4393 549 4446 covent
564 4403 643 4469 pour
662 4379 691 4445 le
706 4394 807 4470 temps
821 4394 941 4448 esteant
955 4395 1062 4468 etque
1077 4379 1125 4446 lea
1140 4380 1205 4446 dita
1220 4380 1304 4468 prior
1323 4393 1356 4446 et
1370 4391 1483 4445 covent
1497 4389 1530 4442 et
1542 4375 1680 4442 chescun

1639 4478 1679 4542 de
