4284 5412
980 647 1027 720 45

305 795 491 866 deforciuuit
514 801 691 890 predictum
707 804 848 871 Priorem
871 805 911 872 de
933 804 1126 874 dntiofioue
1149 814 1205 874 sue
1227 808 1367 896 predicte
1389 822 1482 898 prout
1503 811 1588 880 idem
1605 813 1695 880 Pn'or

304 906 408 973 usserit
421 916 475 974 &c
520 910 598 977 Ideo
621 912 850 980 consideratum
872 915 1027 1001 estquod
1049 914 1209 1004 predictus
1224 917 1347 1003 [Prior]
1362 930 1525 1006 recuperet
1546 920 1691 988 seisinsm

303 1033 388 1078 suum
403 1012 443 1079 de
458 1016 607 1102 predictis
621 1018 743 1086 duobus
766 1019 905 1087 solidetis
927 1022 1068 1088 redditus
1091 1047 1165 1090 cum
1178 1024 1381 1112 pertinenciis
1394 1048 1501 1090 versus
1514 1027 1690 1114 predictum

304 1119 463 1186 Andreum
477 1144 533 1208 per
547 1124 798 1212 recognicionem
817 1149 904 1193 suum
918 1127 1092 1216 predictum
1108 1137 1162 1195 &c
1207 1130 1251 1195 Et
1269 1129 1428 1218 predictus
1441 1133 1586 1199 Andreas
1604 1157 1690 1199 corn-

304 1223 436 1290 mittitur
450 1228 573 1313 prisone
588 1231 663 1317 quie
681 1233 864 1322 recognovit
878 1234 1070 1301 disseisinsm
1085 1237 1142 1302 &u
1157 1259 1320 1323 quousque
1333 1244 1387 1302 dc.
1401 1249 1509 1324 postes
1520 1239 1690 1305 remittitur

307 1333 428 1420 prisone
443 1344 497 1402 tic.
541 1338 586 1404 Et
600 1340 758 1427 predictus
772 1343 916 1409 Andreas
929 1341 1052 1410 invenit
1066 1343 1186 1432 plegios
1200 1343 1240 1410 de
1254 1343 1466 1410 misericordia
1479 1352 1533 1410 &c

937 1657 1059 1730 XLII.

731 1847 789 1921 Bt
806 1844 923 1918 ttttttu
940 1843 975 1917 tu
991 1843 1054 1916 titt
1072 1843 1257 1918 hriustri.

292 2025 464 2209 Sciunt
477 2046 633 2121 presentes
647 2047 680 2098 et
693 2031 790 2099 futuri
805 2033 890 2119 quod
905 2033 977 2121 Ego
992 2032 1158 2122 Philippus
1178 2033 1218 2100 de
1233 2033 1395 2099 Durehum
1410 2032 1483 2098 dedi
1498 2033 1634 2101 concessi
1658 2049 1690 2101 et

387 2140 448 2206 hec
461 2138 597 2228 presenti
611 2152 695 2204 curte
708 2163 779 2204 mec
792 2137 975 2204 confirmavi
990 2137 1059 2204 Deo
1079 2152 1112 2204 et
1125 2140 1215 2205 bsutc
1231 2137 1332 2204 Murio
1346 2152 1379 2205 et
1393 2137 1521 2206 ecclesie
1537 2139 1690 2208 Omnium

285 2244 488 2314 Sanctorum
499 2247 595 2333 juxta
610 2246 732 2312 Dublin
747 2270 803 2335 pro
818 2246 916 2312 salute
931 2247 1034 2313 anime
1048 2271 1118 2314 mee
1137 2261 1169 2314 et
1184 2247 1285 2313 Elene
1299 2246 1408 2312 uxoris
1421 2270 1490 2312 mee
1505 2260 1538 2312 et
1551 2261 1688 2316 anteces-

277 2375 405 2420 sorum
428 2371 460 2420 et
478 2378 688 2421 successorum
711 2379 853 2421 meorum
868 2354 1073 2444 quodraginta
1087 2356 1165 2421 duos
1185 2355 1327 2421 denerios
1341 2355 1380 2420 de
1394 2353 1521 2420 redditu
1534 2353 1689 2442 imperpe-

274 2473 391 2528 tuum
408 2499 415 2513 ·
431 2461 471 2528 sd
490 2459 749 2528 sustentacionem
772 2459 840 2525 vini
863 2457 1004 2526 sacrificii
1024 2458 1142 2547 prefate
1165 2458 1293 2526 ecclesie
1309 2457 1462 2524 Omnium
1479 2457 1687 2524 Sanctorum·

273 2567 419 2634 scilicet
433 2565 472 2632 de
487 2579 568 2631 terre
582 2588 675 2652 quom
690 2563 796 2630 Adam
811 2563 851 2628 dc
862 2561 1026 2628 Wolbeter
1041 2573 1127 2628 tenet
1140 2562 1174 2627 in
1189 2561 1260 2628 vico
1275 2561 1445 2628 Berteruni.

363 2671 437 2760 Ego
459 2670 618 2758 predictus
636 2668 805 2758 Philippus
827 2683 860 2736 et
881 2667 1011 2761 heredes
1036 2667 1099 2734 mei
1122 2666 1243 2733 dictum
1271 2667 1430 2734 redditum
1452 2667 1535 2734 dicte
1558 2667 1686 2735 ecclesie

270 2773 531 2866 imperpetuum
550 2776 770 2843 sustinebimus
789 2776 828 2841 ud
844 2775 922 2840 duos
941 2774 1088 2840 terminos
1109 2774 1182 2839 enni
1201 2773 1418 2862 percipiendos
1434 2812 1441 2825 ·
1457 2773 1604 2840 videlicet
1621 2797 1686 2840 me·

275 2880 449 2950 dietatem
472 2881 512 2948 sd
535 2880 637 2946 nutele
657 2879 787 2945 Domini
813 2894 846 2945 et
871 2879 963 2945 ulium
986 2879 1184 2946 medietatem
1205 2879 1245 2944 sd
1267 2879 1380 2945 festum
1405 2878 1511 2945 Suncti
1526 2877 1688 2945 Johunnis.

275 2985 371 3080 Ego
386 3012 462 3054 vero
475 2986 633 3076 predictus
647 2985 814 3073 Philippus
828 2997 861 3050 et
873 2983 1003 3050 heredes
1017 2983 1079 3049 mei
1095 2983 1215 3050 dictum
1232 2981 1388 3048 redditum
1403 2982 1542 3069 predicte
1561 2981 1690 3049 ecclesie

278 3094 454 3160 Omnium
471 3091 656 3159 Sanctorum
675 3103 783 3155 contre
804 3111 911 3154 omnes
924 3085 1067 3152 homines
1081 3100 1114 3153 et
1127 3086 1257 3152 feminus
1271 3087 1549 3153 warentizabimus.
1593 3087 1638 3152 Et
1653 3101 1689 3152 ut

277 3195 356 3268 hec
372 3223 445 3264 mee
459 3197 590 3263 donacio
604 3209 636 3262 ct
650 3195 805 3261 concessio
820 3193 932 3259 suturis
953 3194 1145 3282 temporibus
1160 3193 1249 3259 firms
1270 3207 1302 3260 et
1315 3193 1497 3259 inconcusse
1510 3206 1689 3280 permanent

279 3317 475 3390 presentem
489 3317 605 3369 cumam
619 3303 682 3366 mei
697 3299 793 3390 sigilli
811 3299 985 3364 munimine
1000 3299 1206 3366 corroboravi.
1250 3297 1323 3364 Hiis
1337 3298 1467 3365 testibus
1483 3336 1490 3349 ·
1505 3297 1687 3364 Johauneli

278 3406 409 3477 Wuret
420 3423 496 3474 tunc
511 3407 628 3494 majore
643 3406 764 3472 Dublin
781 3443 787 3456 ·
805 3403 940 3471 Ricardo
955 3404 1012 3471 Pel
1026 3419 1058 3470 et
1072 3405 1222 3494 Philippo
1234 3404 1325 3470 libel
1342 3442 1349 3456 ·
1364 3404 1386 3469 J
1387 3404 1509 3470 ohanne
1519 3403 1664 3468 Ountoun
1678 3442 1684 3454 ·

282 3513 465 3583 Willelmo
479 3515 509 3580 le
524 3515 648 3580 Graunt
664 3553 670 3566 ·
686 3516 708 3581 J
709 3513 831 3580 ohanne
846 3514 885 3580 de
900 3511 930 3576 le
945 3513 1035 3579 Pullo
1050 3529 1083 3578 et
1097 3513 1173 3579 eliis.

921 3831 1063 3904 XLIII.

397 4019 456 4094 Dr
472 4020 590 4093 uttttu
606 4028 687 4092 utre
704 4021 817 4092 uotum
834 4029 956 4109 ponunt
973 4036 1062 4111 propt
1080 4015 1238 4092 rttlrstum
1255 4017 1378 4103 &snut
1394 4016 1583 4114 [umacus.

401 4206 461 4274 ΕΟ
476 4207 647 4274 dividenda
660 4217 790 4273 testetur
804 4206 889 4295 quod
904 4206 995 4273 Prior
1008 4219 1041 4273 et
1055 4217 1227 4274 conventus
1241 4205 1370 4272 ecclesie
1386 4205 1539 4272 Omnium
1556 4204 1685 4272 Sancto-

422 4343 493 4386 rum
503 4319 600 4406 juxts
613 4317 736 4384 Dublin
754 4316 940 4384 remiserunt
957 4331 989 4384 et
1002 4316 1224 4382 relaxaverunt
1237 4314 1259 4381 J
1260 4312 1377 4379 ohanni
1390 4313 1421 4380 le
1435 4311 1539 4399 Whyt
1552 4311 1592 4377 de
1607 4311 1684 4378 Bor·

301 4427 488 4498 huntsstoun
511 4441 544 4494 et
557 4426 701 4494 Marione
715 4425 808 4491 uxori
830 4426 897 4511 ejus
923 4424 1027 4491 omnis
1041 4423 1194 4512 srremgiu
1207 4421 1348 4489 redditus
1362 4419 1500 4508 quinque
1515 4415 1685 4482 solidorum

1628 4546 1684 4610 pel'
