4306 5414
954 569 995 638 81

702 977 775 1078 [ht
792 980 927 1055 vtato
943 982 979 1051 tr
995 974 1237 1077 mammeam]

360 1167 529 1234 Everendo
550 1167 584 1232 in
604 1166 730 1232 Christo
753 1170 834 1257 patri
857 1193 893 1236 ac
912 1169 1039 1236 domino
1054 1169 1182 1235 domino
1196 1168 1336 1235 Johanni
1355 1167 1418 1232 Dei
1442 1178 1474 1231 et
1497 1167 1664 1255 apostolice

382 1273 463 1340 sedis
474 1272 578 1361 gracia
592 1271 738 1360 episcopo
750 1273 900 1340 Fernensi
911 1288 1013 1341 vester
1027 1273 1156 1340 humilis
1170 1287 1201 1340 et
1216 1274 1349 1340 devotus
1361 1272 1551 1338 Laurencius
1566 1273 1666 1339 eccle·

271 1382 315 1446 sie
336 1379 534 1447 cathedrallis
549 1379 715 1445 Femensis
738 1380 975 1447 archidiaconus
997 1381 1208 1448 reverenciam
1231 1394 1318 1449 tanto
1333 1380 1415 1469 patri
1430 1379 1570 1446 debitam
1590 1405 1663 1446 cum

274 1486 400 1552 honore.

336 1590 554 1657 Reverendam
567 1591 784 1678 paternitatem
799 1605 934 1658 vestram
945 1606 1051 1658 tenore
1063 1594 1258 1680 presencium
1273 1593 1437 1659 certificari
1451 1594 1596 1658 volumus
1610 1617 1666 1658 nos

272 1697 376 1762 literas
392 1707 507 1762 vestras
521 1695 703 1760 mandatum
718 1695 994 1782 adinquirendum
1009 1721 1102 1784 super
1115 1697 1281 1763 vocacione
1293 1709 1325 1761 et
1336 1697 1568 1784 presentacione
1584 1697 1667 1764 vica-

272 1803 317 1868 rie
332 1801 462 1870 ecclesie
476 1800 662 1890 parochialis
677 1802 716 1868 de
732 1801 931 1868 Rathmahne
946 1816 978 1868 et
992 1802 1157 1868 idonietati
1172 1803 1339 1890 presentati
1354 1818 1387 1868 et
1401 1804 1469 1868 aliis
1484 1803 1622 1870 articulis
1637 1816 1669 1870 et

273 1907 515 1975 circumstanciis
526 1907 707 1994 hujusmodi
718 1909 916 1975 vaeaoionem
930 1910 1195 1998 presentacionem
1210 1921 1243 1974 et
1253 1922 1462 1997 presentatum
1478 1931 1667 1975 concernen-

273 2017 357 2082 tibus
380 2014 575 2081 continentes
600 2013 752 2100 recepisse
776 2013 811 2077 in
833 2013 892 2079 heo
918 2015 1022 2079 verba.
1065 2013 1226 2080 Johannes
1251 2013 1313 2079 Dei
1339 2026 1371 2080 et
1394 2013 1562 2101 apostolice
1586 2012 1667 2078 sedis

272 2121 377 2210 gracia
391 2121 553 2208 episcopus
564 2118 729 2184 Feruenais
740 2118 855 2184 dilecto
869 2119 959 2185 nobis
973 2119 1104 2184 honesto
1119 2118 1251 2184 discreto
1266 2133 1298 2184 et
1312 2120 1489 2207 conspicato
1504 2119 1572 2184 viro
1583 2116 1667 2184 Lau-

272 2229 378 2294 rencio
392 2240 496 2292 nostre
511 2225 640 2291 ecclesie
655 2224 840 2290 cathedralis
849 2225 1014 2290 Fernensis
1029 2225 1246 2291 archidiacono
1261 2234 1314 2290 &c
1360 2225 1459 2311 Cujus
1474 2249 1547 2291 vero
1560 2225 1667 2314 vigore

273 2333 412 2398 mandati
428 2330 667 2417 inquisicionem
681 2329 716 2394 in
730 2328 824 2417 pleno
838 2330 900 2397 loci
915 2330 1052 2418 capitulo
1064 2331 1248 2418 diligentem
1263 2330 1434 2396 secundum
1448 2331 1579 2396 sormam
1594 2356 1668 2397 con·

273 2438 449 2506 stitucionis
463 2437 614 2525 recepisse
630 2461 685 2524 per
700 2436 888 2524 subscriptos
905 2476 911 2489 ·
927 2437 1075 2504 videlicet
1091 2438 1238 2504 Rectores
1253 2451 1285 2504 et
1299 2437 1452 2504 Vioarios.

338 2545 513 2610 Dominum
536 2544 710 2610 Robertum
736 2544 878 2610 Sottown
901 2557 1053 2611 rectorem
1076 2545 1116 2610 de
1140 2545 1260 2633 Fydart
1281 2583 1288 2596 ·
1309 2544 1472 2610 dominum
1497 2544 1667 2610 Ricardum

274 2653 417 2741 Boysher
431 2664 581 2716 rectorem
597 2651 636 2716 de
651 2649 806 2716 Gulstuffe
823 2688 830 2701 ·
847 2648 1010 2714 dominum
1024 2649 1045 2714 J
1048 2649 1203 2714 ohannem
1219 2649 1350 2737 Beggan
1365 2648 1517 2714 vicariurn
1532 2650 1571 2715 de
1588 2650 1667 2736 Kyl-

274 2781 361 2822 mor·
375 2754 538 2821 dominum
554 2753 711 2819 Thomam
726 2753 842 2817 Brown
857 2752 1010 2818 vicarium
1025 2752 1064 2818 de
1079 2751 1267 2819 Malranlran
1280 2792 1287 2806 ·
1301 2753 1464 2820 dominum
1479 2755 1668 2822 Nioholaum

275 2860 450 2950 Connyohe
473 2873 624 2926 rectorem
644 2859 682 2924 de
699 2859 901 2947 Kylmannan
918 2897 924 2910 ·
941 2859 1105 2925 dominum
1125 2860 1303 2926 Daniellem
1325 2859 1429 2949 Reyly
1455 2861 1606 2927 vicarium
1628 2864 1668 2928 de

276 2971 394 3058 Kyllag
404 3009 411 3021 ·
422 2969 585 3041 dominum
597 2967 769 3034 Ricardum
781 2968 926 3057 Kettyng
940 2968 1093 3035 vicarium
1108 2968 1147 3034 de
1158 2969 1336 3056 Kylkewan
1347 3007 1353 3021 ·
1365 2969 1527 3034 dominum
1543 2966 1668 3032 willel-

273 3100 361 3142 mum
377 3076 509 3142 Grawnt
519 3073 671 3140 vicarium
682 3075 721 3140 de
737 3075 914 3163 Kylturcke
932 3115 938 3127 ·
955 3075 1119 3141 dominum
1129 3074 1307 3141 Walterum
1322 3075 1446 3140 Fowler
1461 3073 1612 3140 vicarium
1628 3073 1667 3136 de

276 3184 409 3250 Clomen
426 3221 432 3234 ·
449 3181 612 3247 dominum
627 3180 799 3245 Ricardum
814 3181 918 3267 Cloyn
932 3179 1084 3246 vicarium
1100 3179 1139 3244 de
1154 3179 1277 3268 Maglas
1294 3218 1300 3230 ·
1317 3178 1479 3244 dominum
1490 3177 1669 3243 Johannem

275 3289 436 3378 Wylmott
449 3288 602 3354 vicarium
614 3287 652 3354 de
665 3286 778 3353 Hoclre
790 3325 796 3338 ·
807 3287 970 3352 dominum
980 3286 1158 3352 Galfridum
1167 3288 1269 3352 Brene
1284 3299 1426 3352 curatum
1439 3285 1477 3349 de
1489 3283 1651 3370 Ballymor
1661 3323 1667 3334 ·

275 3394 474 3461 Willehnum
485 3395 627 3482 Boysher
641 3419 826 3483 generosum
840 3394 1020 3459 dominum
1033 3394 1055 3459 J
1056 3394 1211 3460 ohannem
1220 3393 1316 3481 Wytt
1330 3405 1473 3458 curatum
1488 3390 1527 3454 de
1542 3389 1667 3455 Ballen-

275 3526 338 3568 nau
351 3540 357 3553 ·
368 3501 532 3566 dominum
547 3499 690 3565 Tadeum
706 3498 959 3564 archidiaconum
975 3511 1117 3563 curatum
1132 3496 1171 3562 de
1186 3498 1368 3562 Bunnoun·
1386 3494 1581 3581 Stephanum
1591 3494 1668 3558 For-

274 3608 351 3696 long
373 3628 558 3695 generosum
575 3642 581 3656 ·
598 3603 761 3668 dominum
777 3601 956 3667 Galfridum
970 3600 1101 3666 Wahch
1121 3613 1263 3666 curatum
1283 3600 1322 3664 de
1340 3597 1447 3662 Insula
1463 3636 1470 3648 ·
1490 3597 1668 3663 Johannem

276 3714 418 3802 Boysher
432 3708 624 3800 prepositum
640 3709 679 3774 de
695 3708 835 3774 Clomen.

341 3819 406 3900 Qui
420 3819 455 3882 in
469 3816 568 3882 forma
578 3814 658 3901 juris
668 3813 766 3900 jurati
781 3837 874 3902 super
887 3836 979 3878 suum
994 3824 1219 3880 sacramentum
1231 3810 1342 3876 dieunt
1356 3808 1441 3895 quod
1456 3807 1540 3875 dicta
1553 3809 1672 3876 vicaria

276 3926 399 3993 vaeavit
418 3923 560 4012 evigilia
575 3920 694 3986 Pascha
716 3919 827 3984 ultimo
847 3918 994 4006 preterito
1014 3943 1069 4006 per
1090 3931 1222 3982 mortem
1237 3915 1356 3980 domini
1371 3915 1524 3981 Johannis
1539 3916 1668 4004 Ablyne

276 4033 380 4099 ultimi
395 4031 505 4096 vicarii
518 4029 638 4096 ibidem
651 4065 658 4078 ·
671 4027 752 4092 Item
767 4025 877 4091 dicunt
891 4025 977 4111 quod
988 4024 1079 4091 Prior
1089 4039 1121 4090 et
1134 4037 1306 4090 conventus
1318 4024 1470 4089 Omnium
1484 4025 1668 4092 Sanctorum

271 4142 366 4228 juxta
381 4138 504 4204 Dublin
519 4133 735 4202 Dubliniensis
750 4132 906 4200 dioceseos
921 4146 995 4198 sunt
1009 4132 1075 4198 veri
1090 4133 1212 4220 patroni
1227 4131 1367 4218 ejusdem
1382 4133 1496 4199 vicarie
1511 4145 1544 4198 et
1557 4133 1669 4198 ultimo

276 4255 531 4332 presentaverunt
549 4243 589 4308 ad
604 4241 735 4306 eandem
749 4279 755 4292 ·
769 4241 851 4306 Item
867 4241 977 4307 dicunt
995 4241 1078 4328 quod
1094 4265 1157 4305 non
1177 4253 1224 4305 est
1237 4240 1375 4328 litigiosa
1394 4266 1452 4308 nec
1471 4241 1670 4330 peucionaria

277 4363 323 4416 set
337 4364 384 4416 est
398 4349 592 4437 porcionaria
607 4385 613 4398 ·
629 4347 779 4416 videlicet
794 4349 879 4436 quod
899 4350 1022 4438 patroni
1035 4349 1153 4416 habent
1167 4349 1300 4439 primam
1325 4350 1503 4438 porcionem
1527 4349 1669 4414 omnium

318 4477 410 4524 rarsrr
426 4479 521 4524 anon.
538 4478 602 4523 soc.
622 4479 669 4522 10.
960 4455 997 4523 M
1510 4454 1669 4520 fructuum
