4306 5414
940 632 993 712 ,79

277 804 309 860 et
322 791 439 880 singuli
453 791 678 880 archiepiscopi
690 791 812 859 Dublin
826 789 924 856 futuri
935 816 992 881 pro
1004 791 1067 858 suis
1078 791 1269 880 temporibus
1280 791 1438 881 perpetuis
1453 791 1515 858 sint
1528 793 1667 859 contenti

277 923 319 966 ex
332 900 432 968 causis
447 900 594 988 predictis
609 913 641 965 et
655 900 723 966 aliis
737 899 886 989 legitimis
907 891 1077 966 concedere
1092 899 1297 987 pronunciare
1313 898 1467 964 declarare
1482 897 1616 964 diffinire
1635 913 1667 964 et

278 1005 419 1072 ordinare
434 1005 634 1094 dignaremur
648 1004 809 1093 presertim
831 1028 904 1069 cum
925 1004 964 1070 ad
986 1004 1020 1068 id
1040 1003 1247 1092 capitulorum
1271 1002 1470 1069 ecclesiamm
1493 1017 1667 1068 nostrarum

278 1125 381 1178 sancte
401 1110 565 1176 Trinitatis
588 1122 620 1176 et
644 1109 751 1175 Sancti
766 1107 894 1175 Patricii
914 1107 1036 1174 Dublin
1063 1132 1098 1174 ac
1121 1107 1263 1173 omnium
1285 1131 1418 1194 quorum
1441 1108 1569 1174 interest
1587 1109 1668 1174 liber

279 1239 443 1282 consensus
459 1214 594 1281 accedat.

340 1319 407 1386 Nos
416 1321 514 1409 igitur
528 1333 674 1386 contenta
685 1319 719 1384 in
734 1318 964 1406 supplicacione
979 1331 1080 1385 vestra
1095 1319 1246 1406 prelibata
1257 1319 1362 1385 omnia
1372 1333 1405 1386 et
1415 1320 1537 1410 singula
1548 1320 1667 1386 solicite

278 1425 471 1491 revolventes
491 1437 523 1490 et
537 1448 600 1489 non
619 1423 685 1488 sine
705 1423 805 1488 cordis
826 1422 1031 1488 amaritudine
1047 1424 1140 1488 vestri
1154 1423 1313 1490 Prioratus
1328 1440 1360 1491 et
1374 1441 1474 1492 vestre
1489 1427 1666 1516 indigencie

276 1531 329 1619 pio
339 1528 534 1619 paternitatis
548 1527 775 1617 compacientas
790 1526 902 1592 affectu
917 1527 1026 1591 vestris
1041 1527 1323 1615 supplicacionibus
1338 1530 1508 1618 plurimum
1523 1533 1667 1598 excitati·

277 1637 479 1724 volentesque
502 1636 584 1703 circa
606 1634 794 1724 peticionem
816 1648 950 1699 vestram
972 1635 1144 1721 predictam
1163 1636 1244 1722 juris
1267 1638 1408 1704 ordinem
1432 1664 1552 1706 servare
1575 1665 1668 1729 super

277 1743 376 1810 causis
401 1741 606 1810 concessionis
628 1740 897 1829 pronunciacionis
922 1740 1142 1808 declaracionis
1167 1743 1366 1809 diffiniciouis
1395 1770 1431 1812 ac
1459 1746 1667 1813 ordinacionis

278 1851 395 1917 ibidem
404 1849 615 1916 faciendarum
630 1861 662 1914 et
673 1872 781 1914 eorum
794 1847 925 1914 veritate
936 1847 1027 1914 licet
1037 1848 1198 1914 manifeste
1212 1863 1287 1916 note
1301 1863 1334 1916 et
1347 1850 1467 1918 notorie
1482 1854 1666 1918 extiterant·

278 1957 417 2024 volentes
427 1971 531 2023 nmen
547 1970 640 2044 prout
645 1957 719 2042 jura
733 1957 864 2022 suadent
877 1956 911 2020 in
925 1957 984 2022 hac
999 1971 1086 2044 parte
1100 1957 1222 2045 plenius
1236 1957 1396 2024 informari
1412 1983 1504 2047 super
1522 1961 1668 2027 omnibus

279 2077 311 2130 at
323 2062 455 2152 singulis
469 2062 616 2151 predictis
638 2062 768 2148 aliisque
790 2062 889 2128 causis
908 2061 1057 2151 legitimis
1079 2077 1111 2128 et
1129 2087 1235 2128 esrum
1257 2063 1500 2131 circumstanciis
1515 2090 1571 2154 per
1585 2065 1668 2132 viros

279 2169 453 2257 fidedignos
467 2168 726 2254 inquirendorum
740 2166 890 2234 noticiam
900 2167 1110 2234 verisimiliter
1124 2169 1299 2235 obtinentes
1313 2169 1454 2235 informa
1460 2172 1541 2257 juris
1547 2172 1668 2257 juratos

278 2275 460 2364 singillatim
479 2287 512 2340 et
526 2289 643 2340 secreto
658 2273 852 2341 examinatos
875 2273 1130 2340 concurrentibus
1153 2275 1252 2340 eciam
1275 2276 1419 2341 omnibus
1435 2301 1496 2362 que
1510 2277 1544 2342 in
1559 2278 1621 2343 hiis
1635 2292 1668 2343 et

277 2380 359 2448 circa
368 2404 406 2446 ea
416 2380 653 2466 requirebantur
663 2381 702 2446 de
709 2382 782 2465 jure
791 2419 797 2432 ·
806 2380 1045 2467 inquisicionem
1056 2380 1125 2447 fieri
1132 2381 1262 2448 fecimus
1273 2382 1454 2449 canonicam
1465 2384 1500 2448 in
1508 2385 1567 2450 hac
1578 2401 1666 2472 parte

280 2488 318 2554 de
332 2512 485 2556 consensu
499 2489 685 2556 dilectorum
699 2488 836 2553 filiorum
850 2487 1058 2576 capitulomm
1073 2488 1272 2554 ecclesiarum
1286 2503 1460 2554 nostrarum
1475 2490 1666 2578 supradicta·

278 2615 348 2658 rum
363 2591 503 2658 unanimi
518 2605 550 2658 et
560 2614 707 2679 expresso
722 2615 794 2656 cum
810 2591 923 2677 quibus
937 2592 1100 2679 superbiis
1116 2616 1313 2660 communem
1326 2609 1488 2661 tractuum
1500 2597 1667 2664 habuimus

279 2711 311 2765 et
332 2697 524 2787 solempnem
547 2697 640 2785 plena
664 2697 848 2785 cognicione
871 2696 1033 2785 prehabita
1047 2698 1171 2765 decreto
1194 2699 1320 2788 insuper
1341 2701 1524 2790 interposito
1547 2718 1580 2768 et
1599 2705 1667 2774 aliis

279 2805 457 2894 solempniis
480 2804 676 2890 subsequutis
695 2829 756 2892 que
771 2804 805 2868 in
819 2805 880 2871 hoc
902 2829 975 2870 casu
994 2806 1089 2891 juxta
1107 2807 1188 2891 juris
1211 2807 1407 2896 exigenciam
1431 2823 1463 2876 et
1485 2810 1667 2897 qualitatem

280 2912 403 3002 negocii
417 2912 590 3001 exiguntur
599 2910 742 2998 jurisque
757 2911 866 2978 ordine
881 2913 915 2977 in
929 2913 1073 2980 omnibus
1088 2927 1217 2979 servato.

344 3020 389 3085 Et
403 3018 477 3106 quia
491 3032 555 3084 tam
569 3040 625 3106 per
635 3016 874 3104 inquisicionem
889 3016 1061 3105 predictam
1073 3041 1167 3104 quam
1181 3042 1237 3106 per
1251 3017 1312 3084 alia
1326 3018 1467 3108 legitima
1481 3020 1668 3087 documenta

280 3139 311 3191 ct
325 3124 521 3192 evidenciam
534 3123 608 3191 facti
622 3124 737 3190 notorii
747 3124 956 3212 comperimus
968 3124 1142 3191 luculenter
1153 3126 1383 3214 suggestionem
1397 3141 1530 3193 vestram
1546 3129 1667 3216 predic-

280 3244 344 3296 tam
363 3243 396 3296 et
409 3231 546 3320 singulm
566 3255 671 3298 carues
684 3232 719 3296 in
733 3231 889 3320 peticione
904 3246 1005 3298 veens
1019 3233 1159 3320 predicta
1172 3247 1329 3322 pratenses
1344 3234 1436 3301 fuisse
1455 3249 1488 3301 et
1501 3259 1566 3301 esse
1581 3260 1668 3302 veras

279 3346 311 3401 et
323 3333 480 3424 legitimas
495 3337 641 3423 quodque
663 3337 791 3404 evidens
806 3338 925 3405 utilitas
944 3352 977 3406 et
990 3363 1105 3428 urgens
1126 3341 1291 3407 necessitas
1310 3341 1470 3407 Prioratus
1485 3342 1581 3407 vestri
1597 3367 1665 3430 pre-

281 3439 358 3506 dicti
374 3441 409 3506 id
428 3455 603 3530 exposcunt
618 3480 625 3494 ·
641 3443 743 3509 Vobis
758 3444 866 3510 Priore
881 3445 1021 3533 predicto
1035 3447 1237 3533 personaliter
1260 3471 1295 3513 ao
1315 3459 1472 3513 conventu
1494 3461 1597 3512 vestro
1611 3470 1668 3535 per

280 3560 509 3634 procuratorem
523 3549 637 3616 adhoc
652 3551 826 3640 specialiter
840 3565 872 3618 et
886 3554 1073 3620 sufficienter
1087 3556 1290 3621 constitutum
1304 3579 1407 3620 coram
1422 3554 1512 3620 nobis
1526 3554 1560 3618 in
1575 3554 1669 3619 domo

282 3655 444 3744 capitulari
467 3656 596 3723 ecclesie
615 3671 718 3724 nostre
741 3658 925 3724 cathedralis
943 3659 1054 3725 Sancte
1067 3659 1230 3725 Trinitatis
1253 3658 1393 3747 predicte
1416 3658 1668 3746 comparentibus

281 3765 443 3852 prehabito
465 3789 538 3830 curn
552 3764 627 3852 ipsis
650 3765 762 3831 nostris
784 3765 929 3854 capitulis
950 3764 1098 3854 predictis
1113 3763 1339 3830 deliberacione
1363 3777 1395 3828 et
1408 3776 1509 3828 tractu
1524 3763 1669 3851 diligenti

281 3868 451 3934 secundum
461 3866 542 3952 juris
556 3866 754 3956 exigenciam
768 3867 802 3932 in
816 3867 996 3933 communi·
1011 3866 1253 3955 pronunciamus
1267 3867 1450 3933 auctoritate
1464 3882 1569 3934 nostra
1585 3870 1667 3934 ordi-

282 3973 368 4040 naria
386 3986 418 4039 et
432 3972 603 4061 pontificali
618 3974 652 4038 in
670 3974 732 4039 hiis
746 3974 868 4062 scriptis
891 3987 923 4039 et
942 3975 1040 4041 eciam
1061 3973 1251 4040 declaramus
1274 3997 1381 4038 omnes
1404 3973 1541 4062 singulas
1563 3999 1669 4040 causas

282 4078 435 4167 predictas
448 4103 536 4146 veras
550 4079 736 4146 sufficientes
755 4080 957 4148 rationabiles
976 4105 1011 4147 ac
1030 4079 1193 4146 canonicas
1206 4079 1299 4144 fuisse
1318 4093 1350 4144 et
1364 4103 1429 4145 esse
1444 4080 1484 4145 ad
1498 4081 1668 4146 concessio-

281 4208 355 4250 nem
377 4183 672 4273 pronunciacionem
697 4183 940 4249 declaraoionem
963 4182 1187 4248 diffinicionem
1213 4196 1245 4248 et
1268 4181 1499 4250 ordinacionem
1525 4185 1614 4251 vobis
1636 4200 1669 4251 et

282 4289 438 4356 Prioratui
449 4303 551 4356 vestro
562 4301 594 4355 et
604 4288 829 4354 successoribus
843 4288 952 4355 vestris
963 4303 999 4354 ut
1009 4312 1101 4376 supra
1114 4287 1230 4374 petitur
1240 4287 1396 4354 faciendas
1406 4327 1412 4341 ·
1423 4302 1557 4355 vestram
1570 4289 1668 4378 igitur

282 4419 374 4482 quam
386 4394 526 4484 legitime
540 4394 685 4461 novimus
700 4393 880 4484 opinionem
894 4393 1047 4461 celebrem
1061 4415 1183 4458 morum
1194 4393 1387 4459 honestatem
1399 4393 1561 4483 discipline
1576 4419 1668 4484 regu-

1595 4503 1667 4568 laris
