4306 5414
1145 659 1192 729 90

478 819 630 886 Hibemie
649 820 684 884 in
698 818 823 907 capitali
839 817 946 906 plaoea
964 830 1069 883 nostra
1083 814 1238 883 Hibernia
1253 814 1293 881 ad
1303 814 1440 902 juratam
1458 837 1551 903 super
1565 812 1721 903 premissis
1740 811 1865 901 capien-

477 927 549 991 dam
572 928 630 990 sub
653 926 732 1013 pede
752 923 848 1012 sigilli
866 923 963 988 nostri
982 921 1082 988 missis
1099 922 1192 1009 plane
1211 920 1311 1007 liquet
1327 960 1334 972 ·
1350 921 1634 1006 subsequenterque
1656 942 1711 1006 per
1726 919 1865 1005 juratam

477 1032 550 1097 inde
566 1031 646 1097 inter
660 1055 716 1096 nos
731 1044 763 1097 et
776 1029 931 1118 prefatum
949 1053 1033 1095 nunc
1048 1027 1189 1094 Priorem
1203 1050 1308 1094 coram
1329 1026 1445 1092 dilecto
1461 1039 1494 1093 et
1513 1025 1600 1092 fideli
1620 1039 1725 1091 nostro
1740 1024 1866 1090 Thema

481 1136 638 1203 Swetman
660 1136 785 1223 capitali
800 1135 974 1223 justiciario
997 1151 1101 1202 nostro
1121 1135 1162 1201 ad
1178 1135 1293 1223 placita
1314 1135 1477 1200 dominum
1496 1133 1706 1221 justiciarium
1725 1147 1865 1198 nostrum

479 1242 633 1308 Hibemie
653 1240 813 1326 sequentia
833 1241 969 1306 tenenda
990 1239 1143 1328 assignato
1165 1238 1250 1326 apud
1270 1238 1392 1304 Dublin
1409 1253 1558 1326 pretextu
1576 1239 1740 1326 cujusdem
1761 1237 1866 1304 brevis

479 1347 576 1412 nostri
596 1347 635 1412 de
654 1346 715 1411 nisi
734 1345 820 1434 prius
842 1345 949 1411 debito
971 1343 1164 1410 mediatione
1187 1367 1332 1432 processu
1354 1357 1478 1431 captam
1498 1356 1546 1410 est
1565 1358 1761 1433 compertum
1781 1344 1867 1431 quod

479 1454 637 1540 predictus
654 1454 677 1519 J
677 1454 814 1520 ohannes
837 1454 994 1540 quondam
1020 1452 1111 1518 Prior
1132 1452 1247 1518 dictam
1269 1464 1443 1518 carucatam
1466 1464 1546 1518 terre
1569 1475 1642 1518 cum
1668 1450 1867 1540 pertinenciis

479 1559 571 1624 dictis
578 1560 601 1625 J
602 1559 716 1624 ohanni
732 1559 826 1625 Hunt
838 1573 871 1626 et
879 1561 900 1626 J
902 1560 1025 1625 ohanne
1039 1558 1132 1624 uxori
1147 1557 1214 1643 ejus
1225 1557 1266 1623 ad
1276 1557 1445 1624 terminum
1460 1557 1569 1623 decem
1583 1571 1616 1623 et
1629 1571 1699 1622 octo
1714 1581 1866 1623 annorum

480 1666 598 1731 dimisit
614 1705 620 1718 ·
636 1680 730 1754 prout
743 1667 810 1755 ipse
824 1692 908 1735 nunc
926 1668 1017 1733 Prior
1036 1666 1177 1755 superius
1200 1665 1378 1754 placitando
1397 1665 1545 1754 allegavit
1566 1666 1682 1750 absque
1698 1664 1759 1730 hoc
1781 1664 1867 1750 quod

479 1771 637 1858 predictus
659 1772 818 1838 Johannes
842 1772 999 1859 quondam
1021 1771 1112 1836 Prior
1133 1770 1264 1836 eandem
1286 1783 1461 1836 carucatam
1482 1781 1562 1836 terre
1584 1769 1710 1857 prefatis
1727 1769 1867 1836 «Iohanni

481 1878 574 1946 Hunt
587 1895 619 1946 et
628 1881 772 1948 Jobanne
787 1882 963 1948 habendam
978 1880 1038 1947 sibi
1052 1893 1085 1946 et
1098 1878 1265 1946 heredibus
1279 1891 1312 1944 et
1326 1875 1486 1965 assignatis
1500 1875 1598 1964 ipsius
1605 1877 1627 1943 J
1629 1875 1759 1942 ohannis
1774 1875 1868 1940 Hunt

480 1985 710 2074 imperpetuum
732 1987 880 2054 alienavit
898 2000 992 2077 prout
1006 2009 1063 2076 per
1075 2009 1200 2052 causam
1214 1984 1387 2073 predictam
1402 1984 1588 2072 supponitur
1604 2023 1610 2037 ·
1627 1986 1690 2052 Per
1703 1986 1788 2072 quod
1801 2010 1866 2052 ma·

480 2111 556 2153 num
575 2103 710 2156 nostram
725 2116 744 2157 a
758 2091 841 2158 dicta
862 2104 1006 2157 carucata
1026 2103 1106 2156 terre
1127 2113 1201 2155 cum
1222 2088 1423 2176 pertinenciis
1444 2089 1471 2154 si
1492 2090 1652 2156 occasione
1673 2092 1815 2179 predicta
1835 2107 1869 2158 et

480 2219 544 2260 non
559 2195 619 2262 alia
632 2195 666 2262 in
681 2221 776 2262 manu
790 2210 895 2262 nostra
913 2196 1023 2262 existit
1042 2218 1185 2261 mnovere
1203 2207 1236 2260 et
1249 2193 1336 2260 illam
1350 2217 1501 2262 unacum
1515 2195 1653 2262 exitibus
1667 2197 1742 2264 inde
1756 2221 1776 2264 a
1788 2210 1867 2264 tem-

480 2325 555 2390 pore
577 2302 734 2391 capoionis
757 2303 897 2389 ejusdem
916 2303 951 2367 in
972 2325 1100 2368 manum
1125 2313 1261 2368 nostram
1282 2301 1385 2369 eidem
1399 2303 1562 2372 Willelmo
1583 2330 1668 2373 nunc
1691 2307 1792 2374 Priori
1812 2334 1869 2398 per

481 2408 643 2474 consilium
658 2409 743 2474 curie
765 2422 869 2476 nostre
889 2409 1011 2475 restitui
1034 2421 1067 2475 et
1089 2407 1214 2476 liberari
1239 2408 1488 2495 adjudicavimus
1505 2411 1577 2496 jure
1600 2427 1705 2480 nostro
1726 2415 1812 2503 regio
1833 2415 1868 2482 in

480 2517 625 2582 omnibus
639 2541 760 2606 semper
773 2517 868 2584 salvo.
898 2518 943 2583 Et
956 2517 1028 2584 ideo
1042 2516 1131 2582 vobis
1153 2516 1336 2582 mandamus
1357 2517 1442 2602 quod
1456 2541 1584 2584 manum
1598 2532 1735 2586 nostram
1750 2545 1768 2586 a
1782 2520 1867 2588 dicta

479 2634 622 2688 carucata
635 2635 803 2688 terrenum
818 2621 1017 2710 pertinenciis
1031 2621 1057 2686 si
1074 2621 1234 2687 occasione
1247 2621 1388 2709 predicta
1401 2635 1434 2688 et
1447 2646 1511 2688 non
1526 2622 1586 2689 alia
1605 2624 1640 2690 in
1653 2649 1749 2692 manu
1763 2640 1867 2694 nostra

478 2727 589 2794 existit
603 2751 746 2794 amovere
760 2740 792 2794 et
805 2728 892 2794 illam
906 2751 969 2796 una
983 2751 1055 2793 cum
1069 2726 1208 2793 exitibus
1222 2727 1296 2794 inde
1311 2752 1329 2793 a
1343 2739 1482 2815 tempore
1502 2729 1658 2818 captionis
1679 2731 1818 2817 ejusdem
1832 2732 1867 2798 in

479 2861 607 2902 manum
623 2853 757 2902 nostram
779 2836 882 2904 eidem
895 2835 1058 2903 Willelmo
1072 2859 1157 2902 nune
1173 2835 1275 2901 Priori
1296 2835 1363 2901 sine
1384 2835 1539 2902 dilacione
1557 2835 1680 2902 restitui
1695 2849 1727 2902 et
1740 2836 1865 2904 liberari

481 2942 599 3008 faciatis
605 2942 1021 3029 juxtaformamccnsuetam
1031 2940 1117 3006 curie
1126 2953 1230 3006 nostre
1241 2938 1389 3027 predicte.
1405 2940 1500 3007 Teste
1510 2977 1518 2994 ·
1529 2940 1675 3008 «Iohanne
1686 2941 1726 3008 de
1736 2941 1867 3030 Stanley

477 3044 650 3132 justiciario
663 3057 768 3110 nostro
780 3043 934 3110 Hibemie
943 3043 1028 3131 apud
1033 3043 1133 3132 Trym
1148 3041 1205 3108 xii.
1218 3043 1270 3109 die
1279 3043 1392 3109 Marcii
1403 3068 1485 3111 anno
1495 3047 1585 3135 regni
1595 3047 1692 3112 nostri
1701 3048 1866 3134 quartode-

481 3153 563 3219 cimo
580 3191 586 3205 ·
602 3165 750 3241 pretextu
771 3153 860 3238 eujus
884 3153 988 3220 brevis
1010 3176 1066 3218 nos
1083 3152 1219 3241 prefatus
1240 3164 1377 3218 esceetor
1397 3153 1569 3240 predictam
1590 3166 1765 3220 carucatam
1786 3168 1866 3222 terre

481 3284 554 3325 cum
569 3259 768 3348 pertinenciis
786 3259 904 3348 prefato
924 3259 1026 3325 Priori
1041 3271 1073 3324 et
1085 3258 1255 3325 conventui
1272 3281 1335 3324 una
1353 3281 1426 3324 cum
1444 3259 1583 3326 exitibus
1597 3259 1798 3328 liberavimus
1811 3262 1865 3328 ba·

481 3371 616 3437 bendam
631 3369 733 3436 eidem
744 3367 846 3434 Priori
856 3369 952 3455 juxta
961 3380 1101 3432 tenorem
1115 3364 1192 3431 dicti
1205 3363 1309 3430 brevis
1323 3363 1443 3430 domini
1457 3364 1554 3455 Regis
1570 3403 1577 3418 ·
1593 3367 1633 3432 In
1646 3367 1736 3453 cujus
1745 3368 1792 3434 rei
1806 3381 1866 3434 tes·

481 3477 648 3542 timonium
662 3475 799 3564 sigillum
819 3474 915 3542 officii
928 3472 1025 3540 nostri
1040 3471 1172 3562 predicti
1186 3471 1381 3562 presentibus
1402 3485 1449 3538 est
1468 3496 1640 3560 appensum
1657 3511 1663 3525 ·
1681 3473 1799 3540 Datum
1815 3473 1866 3540 die

482 3595 514 3650 et
528 3606 609 3648 auno
623 3581 814 3671 supradictis.

1147 3821 1194 3894 V.

848 4001 1036 4102 [mulctatio
1051 4004 1088 4075 tt
1103 4002 1193 4075 tnta
1210 4001 1244 4074 ln
1261 3997 1406 4089 Bullia,
1424 3996 1496 4096 tet]

585 4188 719 4256 Enricus
733 4185 796 4254 Dei
808 4185 914 4276 gracia
928 4187 1000 4252 Rex
1008 4183 1124 4274 Anglie
1137 4196 1171 4251 et
1185 4183 1317 4250 Francis
1331 4196 1364 4248 et
1379 4183 1535 4249 Dominus
1549 4181 1704 4250 Hibemie
1718 4185 1863 4252 omnibus

606 4296 646 4363 ad
669 4317 746 4383 quos
767 4305 923 4384 presentes
945 4294 1034 4362 litere
1056 4293 1257 4381 pervenerint
1278 4290 1418 4357 salutem.
1463 4289 1575 4358 Sciatis
1597 4289 1683 4377 quod
1706 4290 1745 4356 de
1761 4291 1866 4380 gracia

483 4417 586 4471 nostra
610 4401 737 4490 speciali
762 4401 801 4468 de
823 4423 947 4468 assensu
970 4400 1155 4470 venerabilis
1176 4400 1211 4466 in
1231 4398 1356 4466 Christo
1380 4397 1476 4489 patris
1495 4398 1619 4466 Thome
1640 4397 1865 4487 archiepiscopi

1741 4503 1863 4571 Dublin
