<?xml version="1.0" encoding="UTF-8"?>
<!DOCTYPE html PUBLIC "-//W3C//DTD XHTML 1.0 Transitional//EN"
    "http://www.w3.org/TR/xhtml1/DTD/xhtml1-transitional.dtd">
<html xmlns="http://www.w3.org/1999/xhtml" xml:lang="en" lang="en">
 <head>
  <title>
</title>
<meta http-equiv="Content-Type" content="text/html;charset=utf-8" />
  <meta name='ocr-system' content='tesseract 3.04.00' />
  <meta name='ocr-capabilities' content='ocr_page ocr_carea ocr_par ocr_line ocrx_word'/>
</head>
<body>
  <div class='ocr_page' id='page_1' title='image "./registrumpriora00librgoog_0055.png"; bbox 0 0 4368 5408; ppageno 0'>
   <div class='ocr_carea' id='block_1_1' title="bbox 1123 606 1201 679">
    <p class='ocr_par' dir='ltr' id='par_1_1' title="bbox 1123 606 1201 679">
     <span class='ocr_line' id='line_1_1' title="bbox 1123 606 1201 679; baseline 0 0"><span class='ocrx_word' id='word_1_1' title='bbox 1123 606 1201 679; x_wconf 81' lang='lat' dir='ltr'><strong>xliv</strong></span> 
     </span>
    </p>
   </div>
   <div class='ocr_carea' id='block_1_2' title="bbox 467 787 1936 4667">
    <p class='ocr_par' dir='ltr' id='par_1_2' title="bbox 467 787 1936 4583">
     <span class='ocr_line' id='line_1_2' title="bbox 468 787 1859 879; baseline -0.001 -25"><span class='ocrx_word' id='word_1_2' title='bbox 468 805 563 856; x_wconf 87' lang='lat' dir='ltr'><strong>nuato</strong></span> <span class='ocrx_word' id='word_1_3' title='bbox 579 791 698 857; x_wconf 85' lang='lat' dir='ltr'><strong>editlrm</strong></span> <span class='ocrx_word' id='word_1_4' title='bbox 715 789 748 856; x_wconf 89' lang='lat' dir='ltr'><strong>in</strong></span> <span class='ocrx_word' id='word_1_5' title='bbox 760 791 819 857; x_wconf 87' lang='lat' dir='ltr'><strong>lrec</strong></span> <span class='ocrx_word' id='word_1_6' title='bbox 834 791 930 856; x_wconf 88' lang='lat' dir='ltr'><strong>verba</strong></span> <span class='ocrx_word' id='word_1_7' title='bbox 945 790 1026 855; x_wconf 82' lang='lat' dir='ltr'><strong>Item</strong></span> <span class='ocrx_word' id='word_1_8' title='bbox 1042 791 1073 855; x_wconf 84' lang='lat' dir='ltr'><strong>ol</strong></span> <span class='ocrx_word' id='word_1_9' title='bbox 1087 789 1300 879; x_wconf 86' lang='lat' dir='ltr'><strong>supplicacion</strong></span> <span class='ocrx_word' id='word_1_10' title='bbox 1322 789 1365 854; x_wconf 93' lang='lat' dir='ltr'><strong>du</strong></span> <span class='ocrx_word' id='word_1_11' title='bbox 1380 788 1524 854; x_wconf 91' lang='lat' dir='ltr'><strong>William</strong></span> <span class='ocrx_word' id='word_1_12' title='bbox 1541 788 1653 853; x_wconf 90' lang='lat' dir='ltr'><strong>Priour</strong></span> <span class='ocrx_word' id='word_1_13' title='bbox 1667 787 1719 854; x_wconf 88' lang='lat' dir='ltr'><strong>del</strong></span> <span class='ocrx_word' id='word_1_14' title='bbox 1734 812 1859 854; x_wconf 90' lang='lat' dir='ltr'><strong>meason</strong></span> 
     </span>
     <span class='ocr_line' id='line_1_3' title="bbox 468 896 1861 986; baseline -0.001 -25"><span class='ocrx_word' id='word_1_15' title='bbox 468 896 507 961; x_wconf 89' lang='lat' dir='ltr'><strong>de</strong></span> <span class='ocrx_word' id='word_1_16' title='bbox 524 911 608 962; x_wconf 87' lang='lat' dir='ltr'><strong>toutz</strong></span> <span class='ocrx_word' id='word_1_17' title='bbox 623 899 718 964; x_wconf 84' lang='lat' dir='ltr'><strong>seinte</strong></span> <span class='ocrx_word' id='word_1_18' title='bbox 725 899 803 984; x_wconf 89' lang='lat' dir='ltr'><strong>juxt</strong></span> <span class='ocrx_word' id='word_1_19' title='bbox 819 897 961 986; x_wconf 85' lang='lat' dir='ltr'><strong>Dyvelin</strong></span> <span class='ocrx_word' id='word_1_20' title='bbox 977 912 1009 963; x_wconf 91' lang='lat' dir='ltr'><strong>et</strong></span> <span class='ocrx_word' id='word_1_21' title='bbox 1022 898 1052 963; x_wconf 90' lang='lat' dir='ltr'><strong>le</strong></span> <span class='ocrx_word' id='word_1_22' title='bbox 1066 914 1180 964; x_wconf 88' lang='lat' dir='ltr'><strong>covent</strong></span> <span class='ocrx_word' id='word_1_23' title='bbox 1195 898 1246 963; x_wconf 90' lang='lat' dir='ltr'><strong>del</strong></span> <span class='ocrx_word' id='word_1_24' title='bbox 1261 899 1309 963; x_wconf 91' lang='lat' dir='ltr'><strong>dit</strong></span> <span class='ocrx_word' id='word_1_25' title='bbox 1320 921 1446 963; x_wconf 80' lang='lat' dir='ltr'><strong>meoson</strong></span> <span class='ocrx_word' id='word_1_26' title='bbox 1459 897 1529 978; x_wconf 83' lang='lat' dir='ltr'><strong>Quo</strong></span> <span class='ocrx_word' id='word_1_27' title='bbox 1545 921 1614 961; x_wconf 89' lang='lat' dir='ltr'><strong>com</strong></span> <span class='ocrx_word' id='word_1_28' title='bbox 1630 897 1677 962; x_wconf 87' lang='lat' dir='ltr'><strong>lez</strong></span> <span class='ocrx_word' id='word_1_29' title='bbox 1693 896 1757 960; x_wconf 86' lang='lat' dir='ltr'><strong>ditz</strong></span> <span class='ocrx_word' id='word_1_30' title='bbox 1770 896 1861 962; x_wconf 88' lang='lat' dir='ltr'>Prior</span> 
     </span>
     <span class='ocr_line' id='line_1_4' title="bbox 467 1003 1860 1093; baseline 0.001 -27"><span class='ocrx_word' id='word_1_31' title='bbox 467 1017 499 1066; x_wconf 90' lang='lat' dir='ltr'><strong>et</strong></span> <span class='ocrx_word' id='word_1_32' title='bbox 513 1017 627 1070; x_wconf 85' lang='lat' dir='ltr'><strong>covent</strong></span> <span class='ocrx_word' id='word_1_33' title='bbox 641 1019 673 1070; x_wconf 88' lang='lat' dir='ltr'><strong>et</strong></span> <span class='ocrx_word' id='word_1_34' title='bbox 687 1005 757 1070; x_wconf 89' lang='lat' dir='ltr'><strong>lour</strong></span> <span class='ocrx_word' id='word_1_35' title='bbox 776 1005 1010 1093; x_wconf 90' lang='lat' dir='ltr'><strong>predecessours</strong></span> <span class='ocrx_word' id='word_1_36' title='bbox 1024 1019 1104 1071; x_wconf 92' lang='lat' dir='ltr'><strong>ount</strong></span> <span class='ocrx_word' id='word_1_37' title='bbox 1117 1029 1196 1072; x_wconf 87' lang='lat' dir='ltr'><strong>esses</strong></span> <span class='ocrx_word' id='word_1_38' title='bbox 1211 1005 1273 1071; x_wconf 86' lang='lat' dir='ltr'><strong>seiz</strong></span> <span class='ocrx_word' id='word_1_39' title='bbox 1285 1006 1324 1070; x_wconf 89' lang='lat' dir='ltr'><strong>de</strong></span> <span class='ocrx_word' id='word_1_40' title='bbox 1339 1004 1519 1070; x_wconf 90' lang='lat' dir='ltr'><strong>mannorde</strong></span> <span class='ocrx_word' id='word_1_41' title='bbox 1534 1003 1725 1069; x_wconf 84' lang='lat' dir='ltr'><strong>Balldolwill</strong></span> <span class='ocrx_word' id='word_1_42' title='bbox 1740 1028 1798 1070; x_wconf 90' lang='lat' dir='ltr'><strong>ove</strong></span> <span class='ocrx_word' id='word_1_43' title='bbox 1813 1005 1860 1069; x_wconf 84' lang='lat' dir='ltr'><strong>lez</strong></span> 
     </span>
     <span class='ocr_line' id='line_1_5' title="bbox 468 1108 1860 1194; baseline 0.003 -24"><span class='ocrx_word' id='word_1_44' title='bbox 468 1123 736 1194; x_wconf 88' lang='lat' dir='ltr'><strong>appurtenaunces</strong></span> <span class='ocrx_word' id='word_1_45' title='bbox 751 1132 879 1174; x_wconf 88' lang='lat' dir='ltr'><strong>cumen</strong></span> <span class='ocrx_word' id='word_1_46' title='bbox 894 1108 976 1174; x_wconf 83' lang='lat' dir='ltr'><strong>droit</strong></span> <span class='ocrx_word' id='word_1_47' title='bbox 991 1109 1031 1175; x_wconf 92' lang='lat' dir='ltr'><strong>de</strong></span> <span class='ocrx_word' id='word_1_48' title='bbox 1045 1109 1116 1174; x_wconf 88' lang='lat' dir='ltr'><strong>lour</strong></span> <span class='ocrx_word' id='word_1_49' title='bbox 1130 1110 1178 1174; x_wconf 88' lang='lat' dir='ltr'><strong>dit</strong></span> <span class='ocrx_word' id='word_1_50' title='bbox 1199 1134 1325 1175; x_wconf 88' lang='lat' dir='ltr'><strong>meason</strong></span> <span class='ocrx_word' id='word_1_51' title='bbox 1346 1134 1386 1176; x_wconf 92' lang='lat' dir='ltr'><strong>en</strong></span> <span class='ocrx_word' id='word_1_52' title='bbox 1400 1110 1471 1174; x_wconf 85' lang='lat' dir='ltr'><strong>lour</strong></span> <span class='ocrx_word' id='word_1_53' title='bbox 1492 1110 1656 1175; x_wconf 85' lang='lat' dir='ltr'><strong>demeaane</strong></span> <span class='ocrx_word' id='word_1_54' title='bbox 1671 1133 1797 1176; x_wconf 89' lang='lat' dir='ltr'><strong>comen</strong></span> <span class='ocrx_word' id='word_1_55' title='bbox 1812 1109 1860 1174; x_wconf 85' lang='lat' dir='ltr'><strong>foe</strong></span> 
     </span>
     <span class='ocr_line' id='line_1_6' title="bbox 468 1212 1860 1300; baseline 0.004 -26"><span class='ocrx_word' id='word_1_56' title='bbox 468 1212 539 1275; x_wconf 89' lang='lat' dir='ltr'><strong>hors</strong></span> <span class='ocrx_word' id='word_1_57' title='bbox 555 1213 594 1278; x_wconf 88' lang='lat' dir='ltr'><strong>de</strong></span> <span class='ocrx_word' id='word_1_58' title='bbox 614 1225 716 1300; x_wconf 90' lang='lat' dir='ltr'><strong>temps</strong></span> <span class='ocrx_word' id='word_1_59' title='bbox 731 1213 775 1277; x_wconf 91' lang='lat' dir='ltr'><strong>du</strong></span> <span class='ocrx_word' id='word_1_60' title='bbox 790 1213 939 1278; x_wconf 84' lang='lat' dir='ltr'><strong>memorie</strong></span> <span class='ocrx_word' id='word_1_61' title='bbox 962 1215 1007 1278; x_wconf 84' lang='lat' dir='ltr'><strong>Et</strong></span> <span class='ocrx_word' id='word_1_62' title='bbox 1021 1238 1082 1299; x_wconf 89' lang='lat' dir='ltr'><strong>que</strong></span> <span class='ocrx_word' id='word_1_63' title='bbox 1098 1215 1127 1278; x_wconf 87' lang='lat' dir='ltr'><strong>le</strong></span> <span class='ocrx_word' id='word_1_64' title='bbox 1153 1214 1215 1279; x_wconf 86' lang='lat' dir='ltr'><strong>dits</strong></span> <span class='ocrx_word' id='word_1_65' title='bbox 1237 1214 1329 1279; x_wconf 86' lang='lat' dir='ltr'>Prior</span> <span class='ocrx_word' id='word_1_66' title='bbox 1344 1228 1377 1278; x_wconf 87' lang='lat' dir='ltr'><strong>et</strong></span> <span class='ocrx_word' id='word_1_67' title='bbox 1391 1227 1506 1278; x_wconf 89' lang='lat' dir='ltr'><strong>covent</strong></span> <span class='ocrx_word' id='word_1_68' title='bbox 1519 1227 1597 1277; x_wconf 87' lang='lat' dir='ltr'><strong>ount</strong></span> <span class='ocrx_word' id='word_1_69' title='bbox 1608 1213 1694 1298; x_wconf 86' lang='lat' dir='ltr'><strong>ejoez</strong></span> <span class='ocrx_word' id='word_1_70' title='bbox 1710 1226 1806 1279; x_wconf 89' lang='lat' dir='ltr'><strong>wrect</strong></span> <span class='ocrx_word' id='word_1_71' title='bbox 1820 1213 1860 1279; x_wconf 90' lang='lat' dir='ltr'><strong>de</strong></span> 
     </span>
     <span class='ocr_line' id='line_1_7' title="bbox 467 1317 1862 1405; baseline 0.004 -26"><span class='ocrx_word' id='word_1_72' title='bbox 467 1340 552 1382; x_wconf 89' lang='lat' dir='ltr'><strong>mcer</strong></span> <span class='ocrx_word' id='word_1_73' title='bbox 566 1317 605 1382; x_wconf 89' lang='lat' dir='ltr'><strong>de</strong></span> <span class='ocrx_word' id='word_1_74' title='bbox 622 1318 700 1383; x_wconf 86' lang='lat' dir='ltr'><strong>tielx</strong></span> <span class='ocrx_word' id='word_1_75' title='bbox 712 1318 760 1382; x_wconf 85' lang='lat' dir='ltr'><strong>lez</strong></span> <span class='ocrx_word' id='word_1_76' title='bbox 771 1317 860 1383; x_wconf 89' lang='lat' dir='ltr'><strong>biens</strong></span> <span class='ocrx_word' id='word_1_77' title='bbox 880 1317 919 1382; x_wconf 89' lang='lat' dir='ltr'><strong>de</strong></span> <span class='ocrx_word' id='word_1_78' title='bbox 937 1317 1073 1383; x_wconf 87' lang='lat' dir='ltr'><strong>chescun</strong></span> <span class='ocrx_word' id='word_1_79' title='bbox 1088 1317 1171 1383; x_wconf 89' lang='lat' dir='ltr'><strong>neife</strong></span> <span class='ocrx_word' id='word_1_80' title='bbox 1189 1318 1361 1384; x_wconf 91' lang='lat' dir='ltr'><strong>surrouude</strong></span> <span class='ocrx_word' id='word_1_81' title='bbox 1371 1343 1410 1383; x_wconf 89' lang='lat' dir='ltr'><strong>en</strong></span> <span class='ocrx_word' id='word_1_82' title='bbox 1420 1317 1449 1383; x_wconf 92' lang='lat' dir='ltr'><strong>le</strong></span> <span class='ocrx_word' id='word_1_83' title='bbox 1462 1317 1551 1383; x_wconf 87' lang='lat' dir='ltr'><strong>hault</strong></span> <span class='ocrx_word' id='word_1_84' title='bbox 1566 1343 1650 1383; x_wconf 91' lang='lat' dir='ltr'><strong>meer</strong></span> <span class='ocrx_word' id='word_1_85' title='bbox 1669 1318 1699 1384; x_wconf 91' lang='lat' dir='ltr'><strong>le</strong></span> <span class='ocrx_word' id='word_1_86' title='bbox 1720 1319 1793 1405; x_wconf 90' lang='lat' dir='ltr'><strong>quel</strong></span> <span class='ocrx_word' id='word_1_87' title='bbox 1814 1335 1862 1384; x_wconf 87' lang='lat' dir='ltr'><strong>est</strong></span> 
     </span>
     <span class='ocr_line' id='line_1_8' title="bbox 467 1423 1861 1512; baseline 0.003 -26"><span class='ocrx_word' id='word_1_88' title='bbox 467 1436 580 1488; x_wconf 86' lang='lat' dir='ltr'><strong>wrecte</strong></span> <span class='ocrx_word' id='word_1_89' title='bbox 592 1425 710 1509; x_wconf 87' lang='lat' dir='ltr'><strong>etjette</strong></span> <span class='ocrx_word' id='word_1_90' title='bbox 720 1424 749 1489; x_wconf 81' lang='lat' dir='ltr'><strong>al</strong></span> <span class='ocrx_word' id='word_1_91' title='bbox 761 1448 854 1489; x_wconf 83' lang='lat' dir='ltr'><strong>ascun</strong></span> <span class='ocrx_word' id='word_1_92' title='bbox 865 1425 998 1512; x_wconf 85' lang='lat' dir='ltr'><strong>parcelle</strong></span> <span class='ocrx_word' id='word_1_93' title='bbox 1007 1425 1059 1490; x_wconf 92' lang='lat' dir='ltr'><strong>del</strong></span> <span class='ocrx_word' id='word_1_94' title='bbox 1068 1425 1116 1490; x_wconf 89' lang='lat' dir='ltr'><strong>dit</strong></span> <span class='ocrx_word' id='word_1_95' title='bbox 1124 1425 1246 1490; x_wconf 87' lang='lat' dir='ltr'><strong>manoir</strong></span> <span class='ocrx_word' id='word_1_96' title='bbox 1253 1425 1325 1490; x_wconf 88' lang='lat' dir='ltr'><strong>hors</strong></span> <span class='ocrx_word' id='word_1_97' title='bbox 1335 1425 1386 1490; x_wconf 92' lang='lat' dir='ltr'><strong>del</strong></span> <span class='ocrx_word' id='word_1_98' title='bbox 1394 1441 1495 1511; x_wconf 89' lang='lat' dir='ltr'><strong>temps</strong></span> <span class='ocrx_word' id='word_1_99' title='bbox 1505 1424 1548 1489; x_wconf 91' lang='lat' dir='ltr'><strong>du</strong></span> <span class='ocrx_word' id='word_1_100' title='bbox 1555 1423 1702 1488; x_wconf 88' lang='lat' dir='ltr'><strong>memorie</strong></span> <span class='ocrx_word' id='word_1_101' title='bbox 1715 1424 1861 1509; x_wconf 90' lang='lat' dir='ltr'><strong>Sourque</strong></span> 
     </span>
     <span class='ocr_line' id='line_1_9' title="bbox 468 1527 1862 1616; baseline 0.001 -26"><span class='ocrx_word' id='word_1_102' title='bbox 468 1527 514 1591; x_wconf 87' lang='lat' dir='ltr'><strong>lez</strong></span> <span class='ocrx_word' id='word_1_103' title='bbox 529 1528 695 1615; x_wconf 87' lang='lat' dir='ltr'><strong>premissez</strong></span> <span class='ocrx_word' id='word_1_104' title='bbox 709 1528 940 1616; x_wconf 86' lang='lat' dir='ltr'><strong>graciousment</strong></span> <span class='ocrx_word' id='word_1_105' title='bbox 954 1528 1133 1594; x_wconf 74' lang='lat' dir='ltr'><strong>consideres</strong></span> <span class='ocrx_word' id='word_1_106' title='bbox 1148 1528 1257 1594; x_wconf 85' lang='lat' dir='ltr'>ordine</span> <span class='ocrx_word' id='word_1_107' title='bbox 1272 1543 1319 1594; x_wconf 89' lang='lat' dir='ltr'><strong>est</strong></span> <span class='ocrx_word' id='word_1_108' title='bbox 1333 1551 1389 1616; x_wconf 88' lang='lat' dir='ltr'><strong>per</strong></span> <span class='ocrx_word' id='word_1_109' title='bbox 1403 1527 1568 1593; x_wconf 87' lang='lat' dir='ltr'><strong>auctoritie</strong></span> <span class='ocrx_word' id='word_1_110' title='bbox 1582 1528 1626 1594; x_wconf 91' lang='lat' dir='ltr'><strong>du</strong></span> <span class='ocrx_word' id='word_1_111' title='bbox 1644 1527 1692 1592; x_wconf 89' lang='lat' dir='ltr'><strong>dit</strong></span> <span class='ocrx_word' id='word_1_112' title='bbox 1705 1527 1862 1615; x_wconf 90' lang='lat' dir='ltr'><strong>parlment</strong></span> 
     </span>
     <span class='ocr_line' id='line_1_10' title="bbox 468 1632 1863 1723; baseline 0.003 -27"><span class='ocrx_word' id='word_1_113' title='bbox 468 1657 528 1717; x_wconf 88' lang='lat' dir='ltr'><strong>que</strong></span> <span class='ocrx_word' id='word_1_114' title='bbox 552 1632 582 1698; x_wconf 89' lang='lat' dir='ltr'><strong>le</strong></span> <span class='ocrx_word' id='word_1_115' title='bbox 597 1634 666 1698; x_wconf 86' lang='lat' dir='ltr'><strong>title</strong></span> <span class='ocrx_word' id='word_1_116' title='bbox 682 1634 721 1699; x_wconf 92' lang='lat' dir='ltr'><strong>de</strong></span> <span class='ocrx_word' id='word_1_117' title='bbox 737 1635 947 1723; x_wconf 87' lang='lat' dir='ltr'><strong>prescripcion</strong></span> <span class='ocrx_word' id='word_1_118' title='bbox 962 1651 994 1701; x_wconf 86' lang='lat' dir='ltr'><strong>et</strong></span> <span class='ocrx_word' id='word_1_119' title='bbox 1009 1636 1092 1701; x_wconf 81' lang='lat' dir='ltr'><strong>droit</strong></span> <span class='ocrx_word' id='word_1_120' title='bbox 1114 1636 1171 1702; x_wconf 86' lang='lat' dir='ltr'><strong>dez</strong></span> <span class='ocrx_word' id='word_1_121' title='bbox 1197 1636 1261 1702; x_wconf 79' lang='lat' dir='ltr'><strong>dita</strong></span> <span class='ocrx_word' id='word_1_122' title='bbox 1277 1637 1368 1702; x_wconf 87' lang='lat' dir='ltr'>Prior</span> <span class='ocrx_word' id='word_1_123' title='bbox 1385 1651 1417 1702; x_wconf 90' lang='lat' dir='ltr'><strong>et</strong></span> <span class='ocrx_word' id='word_1_124' title='bbox 1438 1649 1553 1703; x_wconf 89' lang='lat' dir='ltr'><strong>covent</strong></span> <span class='ocrx_word' id='word_1_125' title='bbox 1575 1661 1661 1722; x_wconf 85' lang='lat' dir='ltr'><strong>quex</strong></span> <span class='ocrx_word' id='word_1_126' title='bbox 1677 1637 1714 1701; x_wconf 91' lang='lat' dir='ltr'><strong>ils</strong></span> <span class='ocrx_word' id='word_1_127' title='bbox 1736 1651 1768 1702; x_wconf 87' lang='lat' dir='ltr'><strong>et</strong></span> <span class='ocrx_word' id='word_1_128' title='bbox 1792 1637 1863 1702; x_wconf 82' lang='lat' dir='ltr'><strong>loun</strong></span> 
     </span>
     <span class='ocr_line' id='line_1_11' title="bbox 469 1739 1861 1830; baseline 0.003 -28"><span class='ocrx_word' id='word_1_129' title='bbox 469 1739 702 1824; x_wconf 86' lang='lat' dir='ltr'><strong>predecessours</strong></span> <span class='ocrx_word' id='word_1_130' title='bbox 725 1757 803 1805; x_wconf 90' lang='lat' dir='ltr'><strong>ount</strong></span> <span class='ocrx_word' id='word_1_131' title='bbox 824 1742 910 1826; x_wconf 87' lang='lat' dir='ltr'><strong>ejoez</strong></span> <span class='ocrx_word' id='word_1_132' title='bbox 934 1741 1006 1806; x_wconf 82' lang='lat' dir='ltr'><strong>hors</strong></span> <span class='ocrx_word' id='word_1_133' title='bbox 1032 1743 1076 1807; x_wconf 92' lang='lat' dir='ltr'><strong>du</strong></span> <span class='ocrx_word' id='word_1_134' title='bbox 1100 1757 1201 1830; x_wconf 83' lang='lat' dir='ltr'><strong>temps</strong></span> <span class='ocrx_word' id='word_1_135' title='bbox 1227 1743 1266 1808; x_wconf 86' lang='lat' dir='ltr'><strong>de</strong></span> <span class='ocrx_word' id='word_1_136' title='bbox 1290 1743 1439 1808; x_wconf 89' lang='lat' dir='ltr'><strong>memorie</strong></span> <span class='ocrx_word' id='word_1_137' title='bbox 1461 1767 1501 1808; x_wconf 89' lang='lat' dir='ltr'><strong>en</strong></span> <span class='ocrx_word' id='word_1_138' title='bbox 1516 1756 1629 1807; x_wconf 87' lang='lat' dir='ltr'><strong>wrecte</strong></span> <span class='ocrx_word' id='word_1_139' title='bbox 1645 1742 1688 1808; x_wconf 91' lang='lat' dir='ltr'><strong>du</strong></span> <span class='ocrx_word' id='word_1_140' title='bbox 1710 1742 1789 1809; x_wconf 89' lang='lat' dir='ltr'><strong>mier</strong></span> <span class='ocrx_word' id='word_1_141' title='bbox 1803 1742 1861 1808; x_wconf 79' lang='lat' dir='ltr'><strong>dez</strong></span> 
     </span>
     <span class='ocr_line' id='line_1_12' title="bbox 468 1845 1861 1935; baseline 0.003 -27"><span class='ocrx_word' id='word_1_142' title='bbox 468 1869 586 1909; x_wconf 82' lang='lat' dir='ltr'><strong>ascune</strong></span> <span class='ocrx_word' id='word_1_143' title='bbox 596 1845 684 1911; x_wconf 85' lang='lat' dir='ltr'><strong>biens</strong></span> <span class='ocrx_word' id='word_1_144' title='bbox 695 1847 793 1931; x_wconf 83' lang='lat' dir='ltr'><strong>jettez</strong></span> <span class='ocrx_word' id='word_1_145' title='bbox 809 1869 848 1910; x_wconf 87' lang='lat' dir='ltr'><strong>en</strong></span> <span class='ocrx_word' id='word_1_146' title='bbox 864 1871 959 1911; x_wconf 87' lang='lat' dir='ltr'><strong>ascun</strong></span> <span class='ocrx_word' id='word_1_147' title='bbox 985 1846 1118 1935; x_wconf 87' lang='lat' dir='ltr'><strong>parcelle</strong></span> <span class='ocrx_word' id='word_1_148' title='bbox 1133 1846 1173 1913; x_wconf 88' lang='lat' dir='ltr'><strong>dc</strong></span> <span class='ocrx_word' id='word_1_149' title='bbox 1188 1847 1237 1912; x_wconf 89' lang='lat' dir='ltr'><strong>dit</strong></span> <span class='ocrx_word' id='word_1_150' title='bbox 1258 1847 1379 1912; x_wconf 89' lang='lat' dir='ltr'><strong>manoir</strong></span> <span class='ocrx_word' id='word_1_151' title='bbox 1393 1847 1493 1912; x_wconf 87' lang='lat' dir='ltr'><strong>soient</strong></span> <span class='ocrx_word' id='word_1_152' title='bbox 1516 1862 1665 1935; x_wconf 84' lang='lat' dir='ltr'><strong>grauntez</strong></span> <span class='ocrx_word' id='word_1_153' title='bbox 1687 1847 1861 1914; x_wconf 83' lang='lat' dir='ltr'><strong>consermez</strong></span> 
     </span>
     <span class='ocr_line' id='line_1_13' title="bbox 468 1951 1860 2042; baseline 0.007 -29"><span class='ocrx_word' id='word_1_154' title='bbox 468 1951 585 2015; x_wconf 87' lang='lat' dir='ltr'><strong>ratifiez</strong></span> <span class='ocrx_word' id='word_1_155' title='bbox 600 1964 632 2016; x_wconf 93' lang='lat' dir='ltr'><strong>et</strong></span> <span class='ocrx_word' id='word_1_156' title='bbox 646 1976 800 2039; x_wconf 80' lang='lat' dir='ltr'><strong>approvez</strong></span> <span class='ocrx_word' id='word_1_157' title='bbox 816 1977 834 2016; x_wconf 96' lang='lat' dir='ltr'><strong>a</strong></span> <span class='ocrx_word' id='word_1_158' title='bbox 849 1977 955 2018; x_wconf 87' lang='lat' dir='ltr'><strong>avera</strong></span> <span class='ocrx_word' id='word_1_159' title='bbox 974 1953 1051 2019; x_wconf 88' lang='lat' dir='ltr'><strong>eulx</strong></span> <span class='ocrx_word' id='word_1_160' title='bbox 1075 1968 1107 2019; x_wconf 87' lang='lat' dir='ltr'><strong>et</strong></span> <span class='ocrx_word' id='word_1_161' title='bbox 1130 1955 1199 2019; x_wconf 94' lang='lat' dir='ltr'><strong>lour</strong></span> <span class='ocrx_word' id='word_1_162' title='bbox 1222 1979 1415 2021; x_wconf 85' lang='lat' dir='ltr'><strong>successours</strong></span> <span class='ocrx_word' id='word_1_163' title='bbox 1442 1980 1459 2020; x_wconf 90' lang='lat' dir='ltr'><strong>a</strong></span> <span class='ocrx_word' id='word_1_164' title='bbox 1481 1969 1568 2020; x_wconf 79' lang='lat' dir='ltr'><strong>touta</strong></span> <span class='ocrx_word' id='word_1_165' title='bbox 1578 1955 1667 2041; x_wconf 87' lang='lat' dir='ltr'><strong>jours</strong></span> <span class='ocrx_word' id='word_1_166' title='bbox 1688 1955 1733 2022; x_wconf 87' lang='lat' dir='ltr'><strong>cit</strong></span> <span class='ocrx_word' id='word_1_167' title='bbox 1754 1981 1815 2042; x_wconf 91' lang='lat' dir='ltr'><strong>que</strong></span> <span class='ocrx_word' id='word_1_168' title='bbox 1831 1957 1860 2023; x_wconf 91' lang='lat' dir='ltr'><strong>le</strong></span> 
     </span>
     <span class='ocr_line' id='line_1_14' title="bbox 468 2056 1862 2149; baseline 0.004 -29"><span class='ocrx_word' id='word_1_169' title='bbox 468 2057 568 2120; x_wconf 88' lang='lat' dir='ltr'><strong>honor</strong></span> <span class='ocrx_word' id='word_1_170' title='bbox 582 2056 622 2121; x_wconf 91' lang='lat' dir='ltr'><strong>de</strong></span> <span class='ocrx_word' id='word_1_171' title='bbox 637 2056 710 2121; x_wconf 92' lang='lat' dir='ltr'><strong>dieu</strong></span> <span class='ocrx_word' id='word_1_172' title='bbox 725 2071 757 2122; x_wconf 88' lang='lat' dir='ltr'><strong>et</strong></span> <span class='ocrx_word' id='word_1_173' title='bbox 769 2075 854 2121; x_wconf 85' lang='lat' dir='ltr'><strong>toutz</strong></span> <span class='ocrx_word' id='word_1_174' title='bbox 867 2057 970 2122; x_wconf 91' lang='lat' dir='ltr'><strong>Seints</strong></span> <span class='ocrx_word' id='word_1_175' title='bbox 981 2058 1011 2123; x_wconf 88' lang='lat' dir='ltr'><strong>le</strong></span> <span class='ocrx_word' id='word_1_176' title='bbox 1022 2057 1070 2122; x_wconf 91' lang='lat' dir='ltr'><strong>dit</strong></span> <span class='ocrx_word' id='word_1_177' title='bbox 1085 2058 1197 2124; x_wconf 86' lang='lat' dir='ltr'><strong>Priour</strong></span> <span class='ocrx_word' id='word_1_178' title='bbox 1211 2060 1272 2124; x_wconf 86' lang='lat' dir='ltr'><strong>soit</strong></span> <span class='ocrx_word' id='word_1_179' title='bbox 1281 2059 1444 2149; x_wconf 80' lang='lat' dir='ltr'><strong>discharge</strong></span> <span class='ocrx_word' id='word_1_180' title='bbox 1459 2061 1629 2127; x_wconf 87' lang='lat' dir='ltr'><strong>cleremant</strong></span> <span class='ocrx_word' id='word_1_181' title='bbox 1643 2083 1753 2126; x_wconf 80' lang='lat' dir='ltr'><strong>envers</strong></span> <span class='ocrx_word' id='word_1_182' title='bbox 1763 2061 1793 2127; x_wconf 91' lang='lat' dir='ltr'><strong>le</strong></span> <span class='ocrx_word' id='word_1_183' title='bbox 1805 2085 1862 2149; x_wconf 88' lang='lat' dir='ltr'><strong>roy</strong></span> 
     </span>
     <span class='ocr_line' id='line_1_15' title="bbox 469 2149 1862 2252; baseline 0.006 -28"><span class='ocrx_word' id='word_1_184' title='bbox 469 2162 508 2225; x_wconf 88' lang='lat' dir='ltr'><strong>de</strong></span> <span class='ocrx_word' id='word_1_185' title='bbox 523 2176 609 2226; x_wconf 88' lang='lat' dir='ltr'><strong>toutz</strong></span> <span class='ocrx_word' id='word_1_186' title='bbox 624 2161 712 2226; x_wconf 87' lang='lat' dir='ltr'><strong>biens</strong></span> <span class='ocrx_word' id='word_1_187' title='bbox 727 2176 759 2227; x_wconf 90' lang='lat' dir='ltr'><strong>et</strong></span> <span class='ocrx_word' id='word_1_188' title='bbox 773 2149 996 2248; x_wconf 85' lang='lat' dir='ltr'><strong>chateuxjette</strong></span> <span class='ocrx_word' id='word_1_189' title='bbox 1008 2187 1080 2228; x_wconf 91' lang='lat' dir='ltr'><strong>sonr</strong></span> <span class='ocrx_word' id='word_1_190' title='bbox 1089 2189 1184 2229; x_wconf 90' lang='lat' dir='ltr'><strong>ascun</strong></span> <span class='ocrx_word' id='word_1_191' title='bbox 1200 2164 1332 2252; x_wconf 86' lang='lat' dir='ltr'><strong>porcello</strong></span> <span class='ocrx_word' id='word_1_192' title='bbox 1347 2165 1392 2231; x_wconf 92' lang='lat' dir='ltr'><strong>du</strong></span> <span class='ocrx_word' id='word_1_193' title='bbox 1403 2166 1451 2231; x_wconf 88' lang='lat' dir='ltr'><strong>dit</strong></span> <span class='ocrx_word' id='word_1_194' title='bbox 1462 2190 1592 2231; x_wconf 85' lang='lat' dir='ltr'><strong>manner</strong></span> <span class='ocrx_word' id='word_1_195' title='bbox 1607 2191 1667 2252; x_wconf 89' lang='lat' dir='ltr'><strong>que</strong></span> <span class='ocrx_word' id='word_1_196' title='bbox 1682 2166 1862 2233; x_wconf 88' lang='lat' dir='ltr'><strong>estdorectc</strong></span> 
     </span>
     <span class='ocr_line' id='line_1_16' title="bbox 473 2269 1861 2361; baseline 0.002 -27"><span class='ocrx_word' id='word_1_197' title='bbox 473 2269 526 2357; x_wconf 90' lang='lat' dir='ltr'><strong>[de</strong></span> <span class='ocrx_word' id='word_1_198' title='bbox 534 2285 646 2335; x_wconf 84' lang='lat' dir='ltr'><strong>wrecte</strong></span> <span class='ocrx_word' id='word_1_199' title='bbox 655 2270 685 2358; x_wconf 70' lang='lat' dir='ltr'><strong>i]</strong></span> <span class='ocrx_word' id='word_1_200' title='bbox 697 2271 727 2335; x_wconf 90' lang='lat' dir='ltr'><strong>le</strong></span> <span class='ocrx_word' id='word_1_201' title='bbox 739 2271 817 2356; x_wconf 84' lang='lat' dir='ltr'>quill</span> <span class='ocrx_word' id='word_1_202' title='bbox 826 2271 849 2335; x_wconf 93' lang='lat' dir='ltr'><strong>il</strong></span> <span class='ocrx_word' id='word_1_203' title='bbox 858 2271 897 2336; x_wconf 93' lang='lat' dir='ltr'><strong>ad</strong></span> <span class='ocrx_word' id='word_1_204' title='bbox 903 2272 984 2358; x_wconf 92' lang='lat' dir='ltr'><strong>prise</strong></span> <span class='ocrx_word' id='word_1_205' title='bbox 995 2272 1110 2338; x_wconf 85' lang='lat' dir='ltr'><strong>devant</strong></span> <span class='ocrx_word' id='word_1_206' title='bbox 1121 2288 1186 2339; x_wconf 85' lang='lat' dir='ltr'><strong>cest</strong></span> <span class='ocrx_word' id='word_1_207' title='bbox 1195 2288 1296 2361; x_wconf 85' lang='lat' dir='ltr'><strong>temps</strong></span> <span class='ocrx_word' id='word_1_208' title='bbox 1305 2274 1344 2339; x_wconf 89' lang='lat' dir='ltr'><strong>de</strong></span> <span class='ocrx_word' id='word_1_209' title='bbox 1354 2274 1433 2360; x_wconf 85' lang='lat' dir='ltr'>quill</span> <span class='ocrx_word' id='word_1_210' title='bbox 1442 2274 1465 2338; x_wconf 92' lang='lat' dir='ltr'><strong>il</strong></span> <span class='ocrx_word' id='word_1_211' title='bbox 1475 2289 1521 2339; x_wconf 88' lang='lat' dir='ltr'><strong>est</strong></span> <span class='ocrx_word' id='word_1_212' title='bbox 1527 2273 1676 2360; x_wconf 89' lang='lat' dir='ltr'><strong>campech</strong></span> <span class='ocrx_word' id='word_1_213' title='bbox 1684 2273 1824 2360; x_wconf 85' lang='lat' dir='ltr'><strong>[impech</strong></span> <span class='ocrx_word' id='word_1_214' title='bbox 1831 2279 1861 2358; x_wconf 71' lang='grc' dir='ltr'><strong>Ρ]</strong></span> 
     </span>
     <span class='ocr_line' id='line_1_17' title="bbox 470 2376 1863 2466; baseline 0.003 -26"><span class='ocrx_word' id='word_1_215' title='bbox 470 2399 560 2440; x_wconf 87' lang='lat' dir='ltr'><strong>ouen</strong></span> <span class='ocrx_word' id='word_1_216' title='bbox 572 2389 671 2462; x_wconf 89' lang='lat' dir='ltr'><strong>temps</strong></span> <span class='ocrx_word' id='word_1_217' title='bbox 686 2376 916 2440; x_wconf 85' lang='lat' dir='ltr'><strong>avenirseraen</strong></span> <span class='ocrx_word' id='word_1_218' title='bbox 929 2401 1023 2441; x_wconf 86' lang='lat' dir='ltr'><strong>escun</strong></span> <span class='ocrx_word' id='word_1_219' title='bbox 1033 2377 1090 2442; x_wconf 83' lang='lat' dir='ltr'><strong>dez</strong></span> <span class='ocrx_word' id='word_1_220' title='bbox 1101 2393 1204 2442; x_wconf 87' lang='lat' dir='ltr'><strong>courts</strong></span> <span class='ocrx_word' id='word_1_221' title='bbox 1217 2378 1261 2443; x_wconf 89' lang='lat' dir='ltr'><strong>du</strong></span> <span class='ocrx_word' id='word_1_222' title='bbox 1275 2403 1332 2466; x_wconf 90' lang='lat' dir='ltr'><strong>roy</strong></span> <span class='ocrx_word' id='word_1_223' title='bbox 1342 2379 1452 2444; x_wconf 89' lang='lat' dir='ltr'><strong>disoun</strong></span> <span class='ocrx_word' id='word_1_224' title='bbox 1462 2379 1863 2466; x_wconf 86' lang='lat' dir='ltr'><strong>impechementpendaunt</strong></span> 
     </span>
     <span class='ocr_line' id='line_1_18' title="bbox 469 2479 1936 2571; baseline 0.001 -25"><span class='ocrx_word' id='word_1_225' title='bbox 469 2507 508 2546; x_wconf 90' lang='lat' dir='ltr'><strong>en</strong></span> <span class='ocrx_word' id='word_1_226' title='bbox 519 2504 623 2546; x_wconf 88' lang='lat' dir='ltr'><strong>ascum</strong></span> <span class='ocrx_word' id='word_1_227' title='bbox 635 2497 741 2546; x_wconf 88' lang='lat' dir='ltr'><strong>courte</strong></span> <span class='ocrx_word' id='word_1_228' title='bbox 751 2479 807 2566; x_wconf 91' lang='lat' dir='ltr'><strong>qui</strong></span> <span class='ocrx_word' id='word_1_229' title='bbox 816 2480 844 2545; x_wconf 92' lang='lat' dir='ltr'><strong>le</strong></span> <span class='ocrx_word' id='word_1_230' title='bbox 855 2505 911 2568; x_wconf 89' lang='lat' dir='ltr'><strong>roy</strong></span> <span class='ocrx_word' id='word_1_231' title='bbox 921 2481 960 2546; x_wconf 89' lang='lat' dir='ltr'><strong>ad</strong></span> <span class='ocrx_word' id='word_1_232' title='bbox 970 2504 1049 2568; x_wconf 90' lang='lat' dir='ltr'><strong>pour</strong></span> <span class='ocrx_word' id='word_1_233' title='bbox 1060 2481 1089 2546; x_wconf 88' lang='lat' dir='ltr'><strong>le</strong></span> <span class='ocrx_word' id='word_1_234' title='bbox 1102 2481 1166 2544; x_wconf 87' lang='lat' dir='ltr'><strong>ditz</strong></span> <span class='ocrx_word' id='word_1_235' title='bbox 1176 2499 1289 2547; x_wconf 86' lang='lat' dir='ltr'><strong>wrecte</strong></span> <span class='ocrx_word' id='word_1_236' title='bbox 1305 2505 1415 2547; x_wconf 86' lang='lat' dir='ltr'><strong>envers</strong></span> <span class='ocrx_word' id='word_1_237' title='bbox 1429 2482 1458 2547; x_wconf 93' lang='lat' dir='ltr'><strong>le</strong></span> <span class='ocrx_word' id='word_1_238' title='bbox 1473 2483 1521 2546; x_wconf 87' lang='lat' dir='ltr'><strong>dit</strong></span> <span class='ocrx_word' id='word_1_239' title='bbox 1536 2481 1644 2570; x_wconf 84' lang='lat' dir='ltr'><strong>priour</strong></span> <span class='ocrx_word' id='word_1_240' title='bbox 1658 2481 1863 2571; x_wconf 87' lang='lat' dir='ltr'><strong>destreaungc</strong></span> <span class='ocrx_word' id='word_1_241' title='bbox 1929 2497 1936 2512; x_wconf 84' lang='lat'>&#39;</span> 
     </span>
     <span class='ocr_line' id='line_1_19' title="bbox 470 2585 1863 2674; baseline 0 -22"><span class='ocrx_word' id='word_1_242' title='bbox 470 2589 564 2653; x_wconf 88' lang='lat' dir='ltr'><strong>voide</strong></span> <span class='ocrx_word' id='word_1_243' title='bbox 579 2611 689 2652; x_wconf 85' lang='lat' dir='ltr'><strong>envers</strong></span> <span class='ocrx_word' id='word_1_244' title='bbox 703 2586 759 2674; x_wconf 91' lang='lat' dir='ltr'><strong>luy</strong></span> <span class='ocrx_word' id='word_1_245' title='bbox 774 2603 806 2652; x_wconf 88' lang='lat' dir='ltr'><strong>et</strong></span> <span class='ocrx_word' id='word_1_246' title='bbox 821 2587 860 2651; x_wconf 91' lang='lat' dir='ltr'><strong>de</strong></span> <span class='ocrx_word' id='word_1_247' title='bbox 875 2586 960 2652; x_wconf 88' lang='lat' dir='ltr'><strong>nulle</strong></span> <span class='ocrx_word' id='word_1_248' title='bbox 975 2585 1068 2651; x_wconf 86' lang='lat' dir='ltr'><strong>effect</strong></span> <span class='ocrx_word' id='word_1_249' title='bbox 1084 2610 1124 2650; x_wconf 89' lang='lat' dir='ltr'><strong>en</strong></span> <span class='ocrx_word' id='word_1_250' title='bbox 1139 2585 1191 2673; x_wconf 90' lang='lat' dir='ltr'><strong>ley</strong></span> <span class='ocrx_word' id='word_1_251' title='bbox 1206 2609 1262 2674; x_wconf 93' lang='lat' dir='ltr'><strong>per</strong></span> <span class='ocrx_word' id='word_1_252' title='bbox 1277 2609 1383 2651; x_wconf 86' lang='lat' dir='ltr'><strong>ascum</strong></span> <span class='ocrx_word' id='word_1_253' title='bbox 1397 2586 1505 2674; x_wconf 87' lang='lat' dir='ltr'><strong>verfoy</strong></span> <span class='ocrx_word' id='word_1_254' title='bbox 1520 2586 1689 2674; x_wconf 87' lang='lat' dir='ltr'><strong>supposaill</strong></span> <span class='ocrx_word' id='word_1_255' title='bbox 1703 2612 1743 2652; x_wconf 90' lang='lat' dir='ltr'><strong>en</strong></span> <span class='ocrx_word' id='word_1_256' title='bbox 1758 2611 1863 2653; x_wconf 85' lang='lat' dir='ltr'><strong>ascum</strong></span> 
     </span>
     <span class='ocr_line' id='line_1_20' title="bbox 471 2692 1864 2781; baseline 0 -22"><span class='ocrx_word' id='word_1_257' title='bbox 471 2695 570 2759; x_wconf 86' lang='lat' dir='ltr'><strong>aultre</strong></span> <span class='ocrx_word' id='word_1_258' title='bbox 604 2694 692 2781; x_wconf 88' lang='lat' dir='ltr'><strong>place</strong></span> <span class='ocrx_word' id='word_1_259' title='bbox 717 2694 790 2757; x_wconf 88' lang='lat' dir='ltr'><strong>hors</strong></span> <span class='ocrx_word' id='word_1_260' title='bbox 813 2692 866 2758; x_wconf 91' lang='lat' dir='ltr'><strong>del</strong></span> <span class='ocrx_word' id='word_1_261' title='bbox 891 2693 939 2758; x_wconf 90' lang='lat' dir='ltr'><strong>dit</strong></span> <span class='ocrx_word' id='word_1_262' title='bbox 961 2717 1093 2758; x_wconf 87' lang='lat' dir='ltr'><strong>marmor</strong></span> <span class='ocrx_word' id='word_1_263' title='bbox 1136 2693 1203 2758; x_wconf 90' lang='lat' dir='ltr'><strong>Nos</strong></span> <span class='ocrx_word' id='word_1_264' title='bbox 1225 2709 1329 2760; x_wconf 83' lang='lat' dir='ltr'><strong>autem</strong></span> <span class='ocrx_word' id='word_1_265' title='bbox 1353 2709 1458 2760; x_wconf 86' lang='lat' dir='ltr'><strong>actum</strong></span> <span class='ocrx_word' id='word_1_266' title='bbox 1483 2694 1548 2759; x_wconf 89' lang='lat' dir='ltr'><strong>sive</strong></span> <span class='ocrx_word' id='word_1_267' title='bbox 1571 2693 1803 2760; x_wconf 85' lang='lat' dir='ltr'><strong>ordinacionem</strong></span> <span class='ocrx_word' id='word_1_268' title='bbox 1824 2695 1864 2760; x_wconf 92' lang='lat' dir='ltr'><strong>ad</strong></span> 
     </span>
     <span class='ocr_line' id='line_1_21' title="bbox 471 2798 1863 2886; baseline -0.001 -22"><span class='ocrx_word' id='word_1_269' title='bbox 471 2799 711 2886; x_wconf 87' lang='lat' dir='ltr'><strong>requisicionem</strong></span> <span class='ocrx_word' id='word_1_270' title='bbox 726 2800 882 2866; x_wconf 90' lang='lat' dir='ltr'><strong>Willelmi</strong></span> <span class='ocrx_word' id='word_1_271' title='bbox 896 2801 1013 2866; x_wconf 84' lang='lat' dir='ltr'><strong>Prioris</strong></span> <span class='ocrx_word' id='word_1_272' title='bbox 1028 2802 1139 2866; x_wconf 90' lang='lat' dir='ltr'><strong>domus</strong></span> <span class='ocrx_word' id='word_1_273' title='bbox 1155 2801 1309 2866; x_wconf 91' lang='lat' dir='ltr'><strong>Omnium</strong></span> <span class='ocrx_word' id='word_1_274' title='bbox 1326 2801 1511 2867; x_wconf 87' lang='lat' dir='ltr'><strong>Sanctorum</strong></span> <span class='ocrx_word' id='word_1_275' title='bbox 1522 2800 1618 2885; x_wconf 83' lang='lat' dir='ltr'><strong>juxta</strong></span> <span class='ocrx_word' id='word_1_276' title='bbox 1635 2798 1758 2864; x_wconf 90' lang='lat' dir='ltr'><strong>Dublin</strong></span> <span class='ocrx_word' id='word_1_277' title='bbox 1781 2798 1863 2863; x_wconf 88' lang='lat' dir='ltr'><strong>dux-</strong></span> 
     </span>
     <span class='ocr_line' id='line_1_22' title="bbox 470 2906 1864 2997; baseline 0.001 -27"><span class='ocrx_word' id='word_1_278' title='bbox 470 2907 551 2971; x_wconf 88' lang='lat' dir='ltr'><strong>imus</strong></span> <span class='ocrx_word' id='word_1_279' title='bbox 566 2907 865 2995; x_wconf 87' lang='lat' dir='ltr'><strong>exemplilicandum</strong></span> <span class='ocrx_word' id='word_1_280' title='bbox 879 2933 935 2996; x_wconf 89' lang='lat' dir='ltr'><strong>per</strong></span> <span class='ocrx_word' id='word_1_281' title='bbox 946 2923 1103 2997; x_wconf 86' lang='lat' dir='ltr'><strong>presentes</strong></span> <span class='ocrx_word' id='word_1_282' title='bbox 1120 2949 1126 2960; x_wconf 93' lang='lat'>·</span> <span class='ocrx_word' id='word_1_283' title='bbox 1144 2910 1183 2974; x_wconf 87' lang='lat' dir='ltr'><strong>In</strong></span> <span class='ocrx_word' id='word_1_284' title='bbox 1197 2910 1287 2995; x_wconf 87' lang='lat' dir='ltr'><strong>cujus</strong></span> <span class='ocrx_word' id='word_1_285' title='bbox 1302 2909 1347 2974; x_wconf 91' lang='lat' dir='ltr'><strong>rei</strong></span> <span class='ocrx_word' id='word_1_286' title='bbox 1361 2907 1577 2974; x_wconf 87' lang='lat' dir='ltr'><strong>testimonium</strong></span> <span class='ocrx_word' id='word_1_287' title='bbox 1591 2907 1646 2972; x_wconf 88' lang='lat' dir='ltr'><strong>has</strong></span> <span class='ocrx_word' id='word_1_288' title='bbox 1661 2906 1778 2971; x_wconf 88' lang='lat' dir='ltr'><strong>litteras</strong></span> <span class='ocrx_word' id='word_1_289' title='bbox 1794 2930 1864 2972; x_wconf 91' lang='lat' dir='ltr'><strong>nos·</strong></span> 
     </span>
     <span class='ocr_line' id='line_1_23' title="bbox 473 3010 1864 3102; baseline -0.002 -24"><span class='ocrx_word' id='word_1_290' title='bbox 473 3031 534 3078; x_wconf 85' lang='lat' dir='ltr'><strong>tras</strong></span> <span class='ocrx_word' id='word_1_291' title='bbox 558 3013 626 3079; x_wconf 87' lang='lat' dir='ltr'><strong>fieri</strong></span> <span class='ocrx_word' id='word_1_292' title='bbox 649 3013 780 3079; x_wconf 82' lang='lat' dir='ltr'><strong>fecimus</strong></span> <span class='ocrx_word' id='word_1_293' title='bbox 804 3028 954 3102; x_wconf 86' lang='lat' dir='ltr'><strong>patentes.</strong></span> <span class='ocrx_word' id='word_1_294' title='bbox 1000 3013 1094 3080; x_wconf 88' lang='lat' dir='ltr'><strong>Teste</strong></span> <span class='ocrx_word' id='word_1_295' title='bbox 1120 3013 1240 3102; x_wconf 85' lang='lat' dir='ltr'><strong>prefato</strong></span> <span class='ocrx_word' id='word_1_296' title='bbox 1269 3013 1383 3078; x_wconf 87' lang='lat' dir='ltr'><strong>comite</strong></span> <span class='ocrx_word' id='word_1_297' title='bbox 1410 3011 1560 3099; x_wconf 87' lang='lat' dir='ltr'><strong>deputato</strong></span> <span class='ocrx_word' id='word_1_298' title='bbox 1583 3010 1733 3077; x_wconf 80' lang='lat' dir='ltr'><strong>carissimi</strong></span> <span class='ocrx_word' id='word_1_299' title='bbox 1762 3010 1864 3077; x_wconf 82' lang='lat' dir='ltr'><strong>fratris</strong></span> 
     </span>
     <span class='ocr_line' id='line_1_24' title="bbox 474 3117 1864 3207; baseline -0.001 -23"><span class='ocrx_word' id='word_1_300' title='bbox 474 3120 570 3184; x_wconf 85' lang='lat' dir='ltr'><strong>nostri</strong></span> <span class='ocrx_word' id='word_1_301' title='bbox 586 3119 717 3207; x_wconf 81' lang='lat' dir='ltr'><strong>Georgii</strong></span> <span class='ocrx_word' id='word_1_302' title='bbox 742 3120 830 3186; x_wconf 89' lang='lat' dir='ltr'><strong>ducis</strong></span> <span class='ocrx_word' id='word_1_303' title='bbox 855 3120 1017 3187; x_wconf 86' lang='lat' dir='ltr'><strong>Olarencie</strong></span> <span class='ocrx_word' id='word_1_304' title='bbox 1043 3122 1147 3188; x_wconf 90' lang='lat' dir='ltr'><strong>locum</strong></span> <span class='ocrx_word' id='word_1_305' title='bbox 1170 3135 1311 3185; x_wconf 90' lang='lat' dir='ltr'><strong>nostrum</strong></span> <span class='ocrx_word' id='word_1_306' title='bbox 1333 3118 1468 3185; x_wconf 87' lang='lat' dir='ltr'><strong>tenentis</strong></span> <span class='ocrx_word' id='word_1_307' title='bbox 1489 3132 1570 3185; x_wconf 89' lang='lat' dir='ltr'><strong>terre</strong></span> <span class='ocrx_word' id='word_1_308' title='bbox 1591 3131 1694 3183; x_wconf 88' lang='lat' dir='ltr'><strong>nostre</strong></span> <span class='ocrx_word' id='word_1_309' title='bbox 1710 3117 1864 3184; x_wconf 89' lang='lat' dir='ltr'><strong>Hibemie</strong></span> 
     </span>
     <span class='ocr_line' id='line_1_25' title="bbox 475 3223 1866 3313; baseline -0.003 -21"><span class='ocrx_word' id='word_1_310' title='bbox 475 3226 558 3313; x_wconf 89' lang='lat' dir='ltr'><strong>apud</strong></span> <span class='ocrx_word' id='word_1_311' title='bbox 588 3225 711 3290; x_wconf 87' lang='lat' dir='ltr'><strong>Dublin</strong></span> <span class='ocrx_word' id='word_1_312' title='bbox 734 3223 844 3311; x_wconf 90' lang='lat' dir='ltr'><strong>quinto</strong></span> <span class='ocrx_word' id='word_1_313' title='bbox 867 3224 919 3290; x_wconf 90' lang='lat' dir='ltr'><strong>die</strong></span> <span class='ocrx_word' id='word_1_314' title='bbox 942 3225 1020 3291; x_wconf 89' lang='lat' dir='ltr'><strong>Maii</strong></span> <span class='ocrx_word' id='word_1_315' title='bbox 1044 3249 1126 3290; x_wconf 92' lang='lat' dir='ltr'><strong>anno</strong></span> <span class='ocrx_word' id='word_1_316' title='bbox 1148 3223 1237 3312; x_wconf 84' lang='lat' dir='ltr'><strong>regni</strong></span> <span class='ocrx_word' id='word_1_317' title='bbox 1259 3223 1356 3289; x_wconf 79' lang='lat' dir='ltr'><strong>nostri</strong></span> <span class='ocrx_word' id='word_1_318' title='bbox 1379 3223 1575 3289; x_wconf 87' lang='lat' dir='ltr'><strong>duodecimo.</strong></span> <span class='ocrx_word' id='word_1_319' title='bbox 1624 3223 1722 3310; x_wconf 85' lang='lat' dir='ltr'><strong>[Here</strong></span> <span class='ocrx_word' id='word_1_320' title='bbox 1744 3224 1866 3310; x_wconf 78' lang='lat' dir='ltr'><strong>follows</strong></span> 
     </span>
     <span class='ocr_line' id='line_1_26' title="bbox 473 3327 1865 3420; baseline -0.002 -24"><span class='ocrx_word' id='word_1_321' title='bbox 473 3334 520 3398; x_wconf 80' lang='lat' dir='ltr'><strong>tlte</strong></span> <span class='ocrx_word' id='word_1_322' title='bbox 542 3332 694 3420; x_wconf 68' lang='lat' dir='ltr'><strong>hesperie,</strong></span> <span class='ocrx_word' id='word_1_323' title='bbox 721 3334 847 3420; x_wconf 72' lang='lat' dir='ltr'><strong>printed</strong></span> <span class='ocrx_word' id='word_1_324' title='bbox 878 3343 910 3395; x_wconf 83' lang='lat' dir='ltr'><strong>at</strong></span> <span class='ocrx_word' id='word_1_325' title='bbox 940 3354 970 3418; x_wconf 93' lang='lat' dir='ltr'><strong>p.</strong></span> <span class='ocrx_word' id='word_1_326' title='bbox 997 3329 1082 3418; x_wconf 77' lang='lat' dir='ltr'><strong>xlii]</strong></span> <span class='ocrx_word' id='word_1_327' title='bbox 1128 3328 1331 3416; x_wconf 88' lang='lat' dir='ltr'><strong>Inspeximus</strong></span> <span class='ocrx_word' id='word_1_328' title='bbox 1360 3327 1458 3394; x_wconf 86' lang='lat' dir='ltr'><strong>eciam</strong></span> <span class='ocrx_word' id='word_1_329' title='bbox 1485 3327 1641 3414; x_wconf 90' lang='lat' dir='ltr'><strong>quendam</strong></span> <span class='ocrx_word' id='word_1_330' title='bbox 1666 3343 1770 3393; x_wconf 89' lang='lat' dir='ltr'><strong>actum</strong></span> <span class='ocrx_word' id='word_1_331' title='bbox 1799 3329 1865 3394; x_wconf 88' lang='lat' dir='ltr'><strong>sive</strong></span> 
     </span>
     <span class='ocr_line' id='line_1_27' title="bbox 475 3433 1866 3523; baseline -0.001 -21"><span class='ocrx_word' id='word_1_332' title='bbox 475 3436 707 3502; x_wconf 87' lang='lat' dir='ltr'><strong>ordinacionem</strong></span> <span class='ocrx_word' id='word_1_333' title='bbox 737 3437 771 3500; x_wconf 91' lang='lat' dir='ltr'><strong>in</strong></span> <span class='ocrx_word' id='word_1_334' title='bbox 797 3435 1002 3523; x_wconf 81' lang='lat' dir='ltr'><strong>parliamento</strong></span> <span class='ocrx_word' id='word_1_335' title='bbox 1033 3449 1138 3500; x_wconf 87' lang='lat' dir='ltr'><strong>nostro</strong></span> <span class='ocrx_word' id='word_1_336' title='bbox 1171 3435 1256 3522; x_wconf 91' lang='lat' dir='ltr'><strong>apud</strong></span> <span class='ocrx_word' id='word_1_337' title='bbox 1287 3433 1460 3523; x_wconf 87' lang='lat' dir='ltr'><strong>Droghedu</strong></span> <span class='ocrx_word' id='word_1_338' title='bbox 1488 3434 1540 3500; x_wconf 91' lang='lat' dir='ltr'><strong>die</strong></span> <span class='ocrx_word' id='word_1_339' title='bbox 1569 3435 1691 3499; x_wconf 90' lang='lat' dir='ltr'><strong>veneris</strong></span> <span class='ocrx_word' id='word_1_340' title='bbox 1720 3436 1866 3522; x_wconf 88' lang='lat' dir='ltr'><strong>proximo</strong></span> 
     </span>
     <span class='ocr_line' id='line_1_28' title="bbox 475 3537 1866 3630; baseline -0.003 -22"><span class='ocrx_word' id='word_1_341' title='bbox 475 3555 546 3630; x_wconf 88' lang='lat' dir='ltr'><strong>post</strong></span> <span class='ocrx_word' id='word_1_342' title='bbox 567 3543 680 3608; x_wconf 87' lang='lat' dir='ltr'><strong>festum</strong></span> <span class='ocrx_word' id='word_1_343' title='bbox 709 3542 814 3608; x_wconf 84' lang='lat' dir='ltr'><strong>Sancti</strong></span> <span class='ocrx_word' id='word_1_344' title='bbox 845 3538 973 3604; x_wconf 81' lang='lat' dir='ltr'><strong>Hillarii</strong></span> <span class='ocrx_word' id='word_1_345' title='bbox 995 3537 1133 3625; x_wconf 86' lang='lat' dir='ltr'><strong>episcopi</strong></span> <span class='ocrx_word' id='word_1_346' title='bbox 1156 3563 1238 3603; x_wconf 81' lang='lat' dir='ltr'><strong>enno</strong></span> <span class='ocrx_word' id='word_1_347' title='bbox 1261 3538 1348 3627; x_wconf 86' lang='lat' dir='ltr'><strong>regni</strong></span> <span class='ocrx_word' id='word_1_348' title='bbox 1371 3538 1468 3604; x_wconf 88' lang='lat' dir='ltr'><strong>nostri</strong></span> <span class='ocrx_word' id='word_1_349' title='bbox 1498 3537 1608 3624; x_wconf 90' lang='lat' dir='ltr'><strong>quinto</strong></span> <span class='ocrx_word' id='word_1_350' title='bbox 1637 3563 1741 3604; x_wconf 86' lang='lat' dir='ltr'><strong>coram</strong></span> <span class='ocrx_word' id='word_1_351' title='bbox 1765 3539 1866 3627; x_wconf 89' lang='lat' dir='ltr'><strong>predi-</strong></span> 
     </span>
     <span class='ocr_line' id='line_1_29' title="bbox 476 3644 1866 3736; baseline -0.004 -22"><span class='ocrx_word' id='word_1_352' title='bbox 476 3650 556 3714; x_wconf 87' lang='lat' dir='ltr'><strong>locto</strong></span> <span class='ocrx_word' id='word_1_353' title='bbox 588 3649 819 3736; x_wconf 84' lang='lat' dir='ltr'><strong>consanguineo</strong></span> <span class='ocrx_word' id='word_1_354' title='bbox 862 3663 968 3712; x_wconf 88' lang='lat' dir='ltr'><strong>nostro</strong></span> <span class='ocrx_word' id='word_1_355' title='bbox 1006 3646 1143 3712; x_wconf 89' lang='lat' dir='ltr'><strong>Geraldo</strong></span> <span class='ocrx_word' id='word_1_356' title='bbox 1180 3645 1294 3711; x_wconf 86' lang='lat' dir='ltr'><strong>comite</strong></span> <span class='ocrx_word' id='word_1_357' title='bbox 1333 3645 1474 3710; x_wconf 87' lang='lat' dir='ltr'><strong>Killdare</strong></span> <span class='ocrx_word' id='word_1_358' title='bbox 1511 3645 1660 3732; x_wconf 90' lang='lat' dir='ltr'><strong>deputato</strong></span> <span class='ocrx_word' id='word_1_359' title='bbox 1694 3644 1866 3711; x_wconf 78' lang='lat' dir='ltr'><strong>charissimi</strong></span> 
     </span>
     <span class='ocr_line' id='line_1_30' title="bbox 475 3752 1866 3840; baseline 0 -22"><span class='ocrx_word' id='word_1_360' title='bbox 475 3752 623 3819; x_wconf 87' lang='lat' dir='ltr'><strong>avunculi</strong></span> <span class='ocrx_word' id='word_1_361' title='bbox 652 3754 788 3840; x_wconf 85' lang='lat' dir='ltr'><strong>Jasparis</strong></span> <span class='ocrx_word' id='word_1_362' title='bbox 818 3753 907 3820; x_wconf 89' lang='lat' dir='ltr'><strong>ducis</strong></span> <span class='ocrx_word' id='word_1_363' title='bbox 940 3753 1106 3819; x_wconf 81' lang='lat' dir='ltr'><strong>Bedfordie</strong></span> <span class='ocrx_word' id='word_1_364' title='bbox 1134 3767 1167 3818; x_wconf 89' lang='lat' dir='ltr'><strong>et</strong></span> <span class='ocrx_word' id='word_1_365' title='bbox 1196 3754 1320 3818; x_wconf 88' lang='lat' dir='ltr'><strong>comitis</strong></span> <span class='ocrx_word' id='word_1_366' title='bbox 1349 3753 1555 3820; x_wconf 87' lang='lat' dir='ltr'><strong>Pembroohie</strong></span> <span class='ocrx_word' id='word_1_367' title='bbox 1586 3753 1689 3818; x_wconf 90' lang='lat' dir='ltr'><strong>locum</strong></span> <span class='ocrx_word' id='word_1_368' title='bbox 1726 3768 1866 3818; x_wconf 86' lang='lat' dir='ltr'><strong>nostrum</strong></span> 
     </span>
     <span class='ocr_line' id='line_1_31' title="bbox 475 3856 1867 3925; baseline -0.001 -1"><span class='ocrx_word' id='word_1_369' title='bbox 475 3859 610 3924; x_wconf 86' lang='lat' dir='ltr'><strong>tenentis</strong></span> <span class='ocrx_word' id='word_1_370' title='bbox 634 3875 714 3925; x_wconf 90' lang='lat' dir='ltr'><strong>terre</strong></span> <span class='ocrx_word' id='word_1_371' title='bbox 738 3873 840 3924; x_wconf 87' lang='lat' dir='ltr'><strong>nostre</strong></span> <span class='ocrx_word' id='word_1_372' title='bbox 857 3857 1011 3924; x_wconf 88' lang='lat' dir='ltr'><strong>Hibemie</strong></span> <span class='ocrx_word' id='word_1_373' title='bbox 1026 3871 1113 3922; x_wconf 84' lang='lat' dir='ltr'><strong>tento</strong></span> <span class='ocrx_word' id='word_1_374' title='bbox 1139 3873 1170 3922; x_wconf 91' lang='lat' dir='ltr'><strong>et</strong></span> <span class='ocrx_word' id='word_1_375' title='bbox 1193 3857 1309 3922; x_wconf 88' lang='lat' dir='ltr'><strong>exinde</strong></span> <span class='ocrx_word' id='word_1_376' title='bbox 1332 3857 1371 3922; x_wconf 89' lang='lat' dir='ltr'><strong>ad</strong></span> <span class='ocrx_word' id='word_1_377' title='bbox 1393 3856 1554 3921; x_wconf 75' lang='lat' dir='ltr'><strong>civitatem</strong></span> <span class='ocrx_word' id='word_1_378' title='bbox 1570 3856 1694 3923; x_wconf 92' lang='lat' dir='ltr'><strong>Dublin</strong></span> <span class='ocrx_word' id='word_1_379' title='bbox 1709 3856 1760 3923; x_wconf 88' lang='lat' dir='ltr'><strong>die</strong></span> <span class='ocrx_word' id='word_1_380' title='bbox 1778 3857 1867 3922; x_wconf 58' lang='lat' dir='ltr'><strong>laune</strong></span> 
     </span>
     <span class='ocr_line' id='line_1_32' title="bbox 478 3962 1867 4052; baseline 0 -24"><span class='ocrx_word' id='word_1_381' title='bbox 478 3966 624 4052; x_wconf 89' lang='lat' dir='ltr'><strong>proximo</strong></span> <span class='ocrx_word' id='word_1_382' title='bbox 644 3981 715 4030; x_wconf 89' lang='lat' dir='ltr'><strong>ante</strong></span> <span class='ocrx_word' id='word_1_383' title='bbox 731 3965 842 4030; x_wconf 87' lang='lat' dir='ltr'><strong>festum</strong></span> <span class='ocrx_word' id='word_1_384' title='bbox 861 3964 967 4030; x_wconf 89' lang='lat' dir='ltr'><strong>Sancti</strong></span> <span class='ocrx_word' id='word_1_385' title='bbox 992 3962 1114 4028; x_wconf 89' lang='lat' dir='ltr'><strong>Mathie</strong></span> <span class='ocrx_word' id='word_1_386' title='bbox 1134 3963 1266 4050; x_wconf 87' lang='lat' dir='ltr'><strong>apostoli</strong></span> <span class='ocrx_word' id='word_1_387' title='bbox 1289 3978 1365 4028; x_wconf 89' lang='lat' dir='ltr'><strong>tunc</strong></span> <span class='ocrx_word' id='word_1_388' title='bbox 1385 3962 1529 4050; x_wconf 84' lang='lat' dir='ltr'><strong>proxime</strong></span> <span class='ocrx_word' id='word_1_389' title='bbox 1553 3987 1686 4048; x_wconf 85' lang='lat' dir='ltr'><strong>sequens</strong></span> <span class='ocrx_word' id='word_1_390' title='bbox 1705 3963 1867 4049; x_wconf 87' lang='lat' dir='ltr'><strong>adjornato</strong></span> 
     </span>
     <span class='ocr_line' id='line_1_33' title="bbox 478 4065 1867 4153; baseline 0.001 -20"><span class='ocrx_word' id='word_1_391' title='bbox 478 4068 598 4133; x_wconf 90' lang='lat' dir='ltr'><strong>editum</strong></span> <span class='ocrx_word' id='word_1_392' title='bbox 608 4067 641 4131; x_wconf 90' lang='lat' dir='ltr'><strong>in</strong></span> <span class='ocrx_word' id='word_1_393' title='bbox 653 4068 712 4132; x_wconf 87' lang='lat' dir='ltr'><strong>hec</strong></span> <span class='ocrx_word' id='word_1_394' title='bbox 724 4069 828 4133; x_wconf 81' lang='lat' dir='ltr'><strong>verba.</strong></span> <span class='ocrx_word' id='word_1_395' title='bbox 852 4067 932 4132; x_wconf 89' lang='lat' dir='ltr'><strong>Item</strong></span> <span class='ocrx_word' id='word_1_396' title='bbox 948 4065 977 4132; x_wconf 93' lang='lat' dir='ltr'><strong>al</strong></span> <span class='ocrx_word' id='word_1_397' title='bbox 992 4065 1204 4153; x_wconf 81' lang='lat' dir='ltr'><strong>supplicacion</strong></span> <span class='ocrx_word' id='word_1_398' title='bbox 1217 4067 1259 4131; x_wconf 93' lang='lat' dir='ltr'><strong>du</strong></span> <span class='ocrx_word' id='word_1_399' title='bbox 1271 4066 1415 4130; x_wconf 91' lang='lat' dir='ltr'><strong>William</strong></span> <span class='ocrx_word' id='word_1_400' title='bbox 1431 4066 1520 4131; x_wconf 90' lang='lat' dir='ltr'><strong>Prior</strong></span> <span class='ocrx_word' id='word_1_401' title='bbox 1535 4067 1586 4131; x_wconf 90' lang='lat' dir='ltr'><strong>del</strong></span> <span class='ocrx_word' id='word_1_402' title='bbox 1601 4091 1725 4133; x_wconf 87' lang='lat' dir='ltr'><strong>meason</strong></span> <span class='ocrx_word' id='word_1_403' title='bbox 1741 4068 1780 4134; x_wconf 88' lang='lat' dir='ltr'><strong>de</strong></span> <span class='ocrx_word' id='word_1_404' title='bbox 1795 4085 1867 4135; x_wconf 79' lang='lat' dir='ltr'><strong>tour</strong></span> 
     </span>
     <span class='ocr_line' id='line_1_34' title="bbox 479 4175 1869 4267; baseline 0 -25"><span class='ocrx_word' id='word_1_405' title='bbox 479 4178 573 4243; x_wconf 83' lang='lat' dir='ltr'><strong>seinte</strong></span> <span class='ocrx_word' id='word_1_406' title='bbox 584 4179 660 4264; x_wconf 87' lang='lat' dir='ltr'><strong>juxt</strong></span> <span class='ocrx_word' id='word_1_407' title='bbox 680 4179 819 4267; x_wconf 82' lang='lat' dir='ltr'><strong>llyvelin</strong></span> <span class='ocrx_word' id='word_1_408' title='bbox 841 4193 873 4243; x_wconf 91' lang='lat' dir='ltr'><strong>et</strong></span> <span class='ocrx_word' id='word_1_409' title='bbox 895 4179 923 4242; x_wconf 88' lang='lat' dir='ltr'><strong>le</strong></span> <span class='ocrx_word' id='word_1_410' title='bbox 947 4193 1084 4244; x_wconf 85' lang='lat' dir='ltr'><strong>convent</strong></span> <span class='ocrx_word' id='word_1_411' title='bbox 1102 4177 1116 4266; x_wconf 94' lang='lat'>[</span> <span class='ocrx_word' id='word_1_412' title='bbox 1372 4177 1385 4264; x_wconf 95' lang='lat'>]</span> <span class='ocrx_word' id='word_1_413' title='bbox 1409 4200 1470 4261; x_wconf 91' lang='lat' dir='ltr'><strong>que</strong></span> <span class='ocrx_word' id='word_1_414' title='bbox 1494 4175 1563 4240; x_wconf 92' lang='lat' dir='ltr'><strong>lour</strong></span> <span class='ocrx_word' id='word_1_415' title='bbox 1583 4175 1630 4240; x_wconf 84' lang='lat' dir='ltr'><strong>lez</strong></span> <span class='ocrx_word' id='word_1_416' title='bbox 1645 4175 1709 4240; x_wconf 86' lang='lat' dir='ltr'><strong>ditz</strong></span> <span class='ocrx_word' id='word_1_417' title='bbox 1725 4177 1816 4241; x_wconf 89' lang='lat' dir='ltr'><strong>Prior</strong></span> <span class='ocrx_word' id='word_1_418' title='bbox 1837 4195 1869 4242; x_wconf 82' lang='lat' dir='ltr'><strong>et</strong></span> 
     </span>
     <span class='ocr_line' id='line_1_35' title="bbox 478 4283 1867 4371; baseline -0.004 -18"><span class='ocrx_word' id='word_1_419' title='bbox 478 4301 593 4354; x_wconf 88' lang='lat' dir='ltr'><strong>covent</strong></span> <span class='ocrx_word' id='word_1_420' title='bbox 607 4302 703 4352; x_wconf 90' lang='lat' dir='ltr'><strong>cunct</strong></span> <span class='ocrx_word' id='word_1_421' title='bbox 717 4305 798 4352; x_wconf 87' lang='lat' dir='ltr'><strong>estez</strong></span> <span class='ocrx_word' id='word_1_422' title='bbox 814 4287 899 4350; x_wconf 89' lang='lat' dir='ltr'><strong>etde</strong></span> <span class='ocrx_word' id='word_1_423' title='bbox 911 4287 986 4371; x_wconf 91' lang='lat' dir='ltr'><strong>jour</strong></span> <span class='ocrx_word' id='word_1_424' title='bbox 996 4311 1036 4351; x_wconf 88' lang='lat' dir='ltr'><strong>en</strong></span> <span class='ocrx_word' id='word_1_425' title='bbox 1052 4286 1151 4350; x_wconf 84' lang='lat' dir='ltr'><strong>aultrc</strong></span> <span class='ocrx_word' id='word_1_426' title='bbox 1166 4299 1236 4350; x_wconf 91' lang='lat' dir='ltr'><strong>sont</strong></span> <span class='ocrx_word' id='word_1_427' title='bbox 1251 4310 1269 4350; x_wconf 86' lang='lat' dir='ltr'><strong>a</strong></span> <span class='ocrx_word' id='word_1_428' title='bbox 1283 4299 1356 4349; x_wconf 87' lang='lat' dir='ltr'><strong>touz</strong></span> <span class='ocrx_word' id='word_1_429' title='bbox 1371 4284 1446 4348; x_wconf 87' lang='lat' dir='ltr'><strong>foitz</strong></span> <span class='ocrx_word' id='word_1_430' title='bbox 1461 4298 1682 4370; x_wconf 84' lang='lat' dir='ltr'><strong>gravousment</strong></span> <span class='ocrx_word' id='word_1_431' title='bbox 1695 4283 1827 4369; x_wconf 75' lang='lat' dir='ltr'><strong>charges</strong></span> <span class='ocrx_word' id='word_1_432' title='bbox 1843 4285 1867 4348; x_wconf 83' lang='lat' dir='ltr'><strong>si</strong></span> 
     </span>
     <span class='ocr_line' id='line_1_36' title="bbox 477 4389 1868 4478; baseline -0.003 -18"><span class='ocrx_word' id='word_1_433' title='bbox 477 4395 551 4460; x_wconf 91' lang='lat' dir='ltr'><strong>bien</strong></span> <span class='ocrx_word' id='word_1_434' title='bbox 576 4418 634 4459; x_wconf 84' lang='lat' dir='ltr'><strong>ove</strong></span> <span class='ocrx_word' id='word_1_435' title='bbox 660 4393 779 4458; x_wconf 87' lang='lat' dir='ltr'><strong>diverse</strong></span> <span class='ocrx_word' id='word_1_436' title='bbox 805 4391 949 4457; x_wconf 72' lang='lat' dir='ltr'><strong>subsides</strong></span> <span class='ocrx_word' id='word_1_437' title='bbox 977 4406 1069 4457; x_wconf 81' lang='lat' dir='ltr'><strong>taxer</strong></span> <span class='ocrx_word' id='word_1_438' title='bbox 1095 4391 1227 4478; x_wconf 86' lang='lat' dir='ltr'><strong>tollagez</strong></span> <span class='ocrx_word' id='word_1_439' title='bbox 1253 4407 1402 4478; x_wconf 86' lang='lat' dir='ltr'><strong>grauntez</strong></span> <span class='ocrx_word' id='word_1_440' title='bbox 1427 4389 1452 4454; x_wconf 91' lang='lat' dir='ltr'><strong>si</strong></span> <span class='ocrx_word' id='word_1_441' title='bbox 1475 4389 1549 4455; x_wconf 88' lang='lat' dir='ltr'><strong>bien</strong></span> <span class='ocrx_word' id='word_1_442' title='bbox 1575 4413 1631 4477; x_wconf 84' lang='lat' dir='ltr'><strong>per</strong></span> <span class='ocrx_word' id='word_1_443' title='bbox 1654 4389 1806 4457; x_wconf 85' lang='lat' dir='ltr'><strong>auctorite</strong></span> <span class='ocrx_word' id='word_1_444' title='bbox 1828 4390 1868 4456; x_wconf 87' lang='lat' dir='ltr'><strong>de</strong></span> 
     </span>
     <span class='ocr_line' id='line_1_37' title="bbox 478 4493 1869 4583; baseline 0 -21"><span class='ocrx_word' id='word_1_445' title='bbox 478 4497 617 4564; x_wconf 83' lang='lat' dir='ltr'><strong>diversez</strong></span> <span class='ocrx_word' id='word_1_446' title='bbox 635 4495 835 4583; x_wconf 82' lang='lat' dir='ltr'><strong>parliamenta</strong></span> <span class='ocrx_word' id='word_1_447' title='bbox 850 4519 921 4559; x_wconf 89' lang='lat' dir='ltr'><strong>com</strong></span> <span class='ocrx_word' id='word_1_448' title='bbox 935 4495 1035 4582; x_wconf 83' lang='lat' dir='ltr'><strong>grand</strong></span> <span class='ocrx_word' id='word_1_449' title='bbox 1050 4493 1202 4559; x_wconf 86' lang='lat' dir='ltr'><strong>counseils</strong></span> <span class='ocrx_word' id='word_1_450' title='bbox 1220 4493 1235 4581; x_wconf 92' lang='lat'>[</span> <span class='ocrx_word' id='word_1_451' title='bbox 1494 4493 1507 4581; x_wconf 93' lang='lat'>]</span> <span class='ocrx_word' id='word_1_452' title='bbox 1537 4493 1566 4559; x_wconf 87' lang='lat' dir='ltr'><strong>la</strong></span> <span class='ocrx_word' id='word_1_453' title='bbox 1589 4509 1669 4558; x_wconf 88' lang='lat' dir='ltr'><strong>terre</strong></span> <span class='ocrx_word' id='word_1_454' title='bbox 1685 4494 1822 4560; x_wconf 90' lang='lat' dir='ltr'><strong>Dirland</strong></span> <span class='ocrx_word' id='word_1_455' title='bbox 1837 4513 1869 4562; x_wconf 90' lang='lat' dir='ltr'><strong>et</strong></span> 
     </span>
    </p>

    <p class='ocr_par' dir='ltr' id='par_1_3' title="bbox 1770 4601 1868 4667">
     <span class='ocr_line' id='line_1_38' title="bbox 1770 4601 1868 4667; baseline 0.031 -3"><span class='ocrx_word' id='word_1_456' title='bbox 1770 4601 1868 4667; x_wconf 82' lang='lat' dir='ltr'><strong>aultre</strong></span> 
     </span>
    </p>
   </div>
   <div class='ocr_carea' id='block_1_3' title="bbox 0 0 2200 5408">
    <p class='ocr_par' dir='ltr' id='par_1_4' title="bbox 0 0 2200 5408">
     <span class='ocr_line' id='line_1_39' title="bbox 0 0 2200 5408; baseline 0 0"><span class='ocrx_word' id='word_1_457' title='bbox 0 0 2200 5408; x_wconf 95' lang='lat' dir='ltr'><strong> </strong></span> 
     </span>
    </p>
   </div>
  </div>
 </body>
</html>
