4368 5408
1126 865 1214 940 VII.

1037 1069 1109 1169 [az
1126 1069 1279 1170 ssu]

569 1279 704 1346 Overint
717 1279 854 1344 universi
863 1303 919 1366 per
933 1294 1088 1368 presentes
1103 1304 1153 1346 me
1169 1279 1380 1368 Margaretam
1386 1279 1497 1344 While
1512 1279 1552 1345 de
1568 1278 1690 1344 Dublin
1705 1291 1863 1344 tenentem

589 1386 628 1451 de
649 1384 880 1474 Calganestoun
894 1385 929 1448 in
944 1384 1092 1472 parochia
1114 1401 1147 1450 et
1168 1383 1308 1449 dominio
1331 1383 1370 1449 de
1393 1384 1422 1450 le
1445 1384 1632 1450 Newcastell
1657 1384 1863 1450 incomitata

476 1490 598 1557 Dublin
612 1489 646 1554 in
661 1514 740 1578 pura
754 1488 914 1554 viduetate
929 1511 999 1552 mea
1012 1487 1119 1554 fecisse
1135 1489 1292 1554 ordinasse
1307 1502 1339 1554 et
1360 1489 1393 1554 in
1407 1489 1477 1554 loco
1492 1513 1562 1554 meo
1577 1488 1713 1576 posuisse
1735 1488 1864 1554 dilectos

474 1623 559 1663 meos
582 1597 747 1662 Matheum
769 1593 870 1660 Blalre
893 1594 932 1660 de
955 1591 1078 1660 Dublin
1101 1606 1304 1659 mercatorem
1326 1592 1517 1659 Nicholaum
1539 1591 1686 1659 Patriclre
1709 1593 1749 1658 de
1769 1593 1863 1658 New·

474 1704 581 1770 castell
595 1702 735 1792 predicta
749 1701 898 1767 clericum
912 1701 1091 1766 Johannem
1111 1698 1248 1789 Cabrige
1270 1701 1310 1766 de
1331 1701 1441 1767 eadem
1463 1713 1496 1766 et
1517 1700 1540 1765 J
1541 1699 1695 1765 ohannem
1718 1697 1802 1764 Davi
1825 1697 1864 1768 dc

474 1811 584 1875 eadem
598 1833 684 1874 meos
698 1833 787 1874 veros
802 1823 834 1873 et
855 1807 1012 1896 legitimos
1035 1821 1207 1873 atturnatos
1228 1808 1423 1894 conjunctim
1438 1821 1470 1874 et
1484 1807 1611 1873 divisim
1625 1830 1698 1873 cum
1712 1818 1864 1894 potestate

474 1914 684 1981 substituendi
708 1915 766 1980 sub
792 1938 824 1978 se
847 1926 1001 1978 eteorum
1017 1912 1158 1998 quolibet
1180 1936 1279 1979 unum
1294 1914 1346 1979 rel
1367 1914 1471 2002 plures
1494 1925 1686 1979 attumatum
1701 1911 1752 1977 vel
1767 1923 1863 1976 attur-

474 2034 562 2086 natos
580 2021 619 2086 ad
634 2045 755 2085 sursum
771 2021 966 2086 reddendum
980 2034 1082 2085 totum
1096 2045 1203 2086 meum
1218 2021 1347 2086 titulum
1368 2035 1400 2086 et
1419 2021 1500 2107 juris
1522 2020 1676 2086 clameum
1692 2042 1752 2104 que
1767 2015 1864 2082 habui

474 2149 530 2192 seu
544 2126 645 2191 habeo
660 2127 732 2210 jure
747 2124 937 2190 hereditario
950 2124 985 2189 in
999 2139 1032 2191 et
1046 2125 1085 2190 de
1101 2125 1246 2192 omnibus
1260 2126 1442 2215 messuagiis
1458 2126 1546 2192 terris
1560 2123 1746 2190 tenementis
1761 2123 1865 2189 reddi·

474 2234 559 2299 tibus
584 2245 617 2297 et
639 2232 778 2297 serviciis
801 2257 874 2298 oum
900 2231 962 2296 suis
988 2230 1188 2319 pertinenciis
1213 2231 1248 2296 in
1274 2231 1477 2320 Calganiston
1500 2231 1641 2320 predicta
1664 2231 1698 2294 in
1721 2230 1864 2297 manibus

475 2339 595 2404 domini
610 2338 691 2427 regis
707 2337 747 2402 ad
761 2361 853 2402 usum
867 2349 900 2401 et
914 2335 1081 2401 comodum
1096 2334 1287 2400 honorabilis
1302 2349 1334 2400 et
1348 2333 1486 2423 religiosi
1505 2333 1565 2397 viri
1587 2332 1733 2398 Nicholai
1753 2332 1865 2421 prioris

475 2445 586 2510 domus
612 2442 765 2509 Omnium
792 2442 978 2509 Sanctomm
1003 2440 1100 2527 juxta
1124 2440 1250 2506 Dublin
1271 2454 1304 2506 et
1328 2441 1469 2526 ejusdem
1496 2439 1607 2504 domus
1635 2451 1808 2504 conventus
1833 2453 1866 2504 et

474 2571 685 2614 successorum
701 2570 829 2612 suorum
844 2568 966 2610 necnon
981 2542 1022 2610 ad
1036 2543 1172 2609 eundem
1195 2543 1336 2609 Priorem
1358 2543 1484 2609 nomine
1504 2567 1560 2609 suo
1579 2559 1612 2610 et
1630 2559 1803 2611 conventus
1817 2545 1866 2612 sui

474 2653 608 2741 predicti
622 2652 655 2716 in
670 2667 829 2720 tenentem
844 2651 883 2718 de
898 2650 1113 2739 Calganstoun
1128 2651 1269 2738 predicta
1284 2650 1514 2716 admittendum
1533 2665 1565 2715 et
1585 2649 1711 2738 plenam
1732 2665 1765 2716 et
1782 2649 1866 2738 paci·

474 2761 566 2827 fioam
585 2760 808 2848 possessionem
828 2773 861 2826 et
880 2759 1010 2826 liberam
1033 2757 1177 2824 seisinam
1200 2759 1371 2825 eorundem
1393 2759 1638 2847 messuagiorum
1660 2771 1811 2824 terrarum
1833 2771 1866 2825 et

475 2879 726 2932 tenementorum
752 2890 825 2932 cum
851 2866 914 2932 suis
938 2865 1140 2954 pertinenciis
1165 2863 1200 2929 in
1224 2864 1438 2954 Calganstoun
1461 2863 1601 2953 predicta
1629 2863 1812 2930 tradendam
1833 2879 1866 2932 et

474 2971 668 3038 liberandam
680 3011 686 3025 ·
700 2973 887 3039 Habendam
900 2988 932 3039 et
946 2971 1114 3037 tenendam
1125 2971 1245 3060 prefato
1256 2971 1358 3038 Priori
1370 2985 1402 3038 et
1412 2973 1581 3038 conventui
1596 2987 1629 3038 et
1640 2973 1865 3041 successoribus

474 3078 537 3145 suis
559 3078 731 3145 secundum
754 3079 943 3144 uniformem
969 3091 1002 3144 et
1024 3077 1214 3144 laudabilem
1240 3078 1499 3144 consuetudinem
1522 3078 1654 3144 manerii
1680 3093 1712 3144 et
1733 3079 1865 3145 dominii

473 3182 607 3271 predicti
622 3208 678 3271 per
692 3182 822 3250 servicia
837 3183 921 3248 dicto
936 3181 1064 3247 domino
1084 3181 1151 3271 regi
1176 3197 1209 3248 et
1230 3183 1456 3249 successoribus
1478 3183 1541 3248 suis
1561 3183 1636 3250 inde
1652 3185 1759 3251 debita
1772 3200 1804 3251 et
1826 3187 1865 3252 de

470 3288 543 3373 jure
558 3300 704 3354 consueta
718 3286 878 3353 reddenda
892 3285 1142 3374 imperpetuum·
1158 3300 1261 3352 ratum
1275 3300 1308 3352 et
1321 3303 1445 3376 gratum
1459 3288 1626 3357 habentem
1642 3305 1674 3356 et
1687 3292 1865 3358 habituram

476 3391 627 3479 quicquid
642 3392 719 3458 dicti
734 3392 883 3458 attornati
897 3406 930 3458 et
944 3415 1052 3458 eorum
1067 3391 1201 3478 quilibet
1214 3391 1323 3458 fecerit
1336 3393 1388 3459 rel
1402 3394 1534 3461 fecerint
1555 3395 1589 3460 in
1602 3395 1759 3484 premissis
1773 3397 1866 3466 sicuti

475 3522 535 3586 ego
549 3500 668 3587 prelata
679 3499 857 3589 Margareta
872 3521 996 3588 presens
1010 3510 1043 3564 et
1063 3497 1267 3586 personaliter
1288 3498 1407 3566 ibidem
1428 3500 1607 3566 interessem
1628 3525 1685 3588 per
1699 3516 1864 3590 presentes.

476 3604 516 3668 In
527 3605 616 3690 cujus
626 3603 673 3670 rei
684 3604 897 3672 testimonium
908 3602 1102 3692 presentibus
1116 3602 1255 3691 sigillum
1266 3628 1373 3670 meum
1388 3604 1527 3692 apposui.
1548 3605 1667 3672 Datum
1678 3608 1865 3676 duodecimo

475 3709 527 3776 die
541 3710 730 3776 Novembris
749 3735 831 3778 anno
853 3710 943 3799 regni
967 3709 1048 3799 regis
1073 3709 1207 3777 Henrici
1228 3709 1353 3800 septimi
1372 3710 1521 3778 vicesimo
1542 3711 1866 3784 tercio-Recordare

477 3817 573 3895 Book,
588 3842 620 3907 p.
637 3839 708 3886 202.
