4284 5412
968 568 1012 640 55

939 815 1040 888 LVI.

891 1000 949 1075 De
967 1005 1077 1074 amru.

387 1189 526 1258 Niversis
540 1214 664 1280 presens
678 1191 828 1280 scriptum
841 1191 1026 1280 inspecturis
1036 1192 1148 1257 Petrus
1163 1188 1226 1256 Dei
1240 1193 1345 1279 gracia
1359 1189 1545 1256 Ossoriensis
1559 1191 1676 1278 episco-

408 1320 467 1386 pus
485 1309 623 1363 eternam
641 1297 676 1363 in
691 1297 829 1363 Domino
849 1297 988 1364 salutem.
1033 1295 1166 1364 Noverit
1184 1295 1370 1362 universitas
1388 1309 1490 1362 vestra
1507 1320 1563 1362 nos
1577 1297 1676 1362 divini

294 1403 403 1469 amoris
416 1403 535 1469 intuitu
550 1403 669 1472 dedisse
689 1406 871 1472 concessisse
894 1419 927 1473 et
946 1405 1005 1474 hac
1023 1405 1161 1494 presenti
1173 1415 1258 1470 carta
1276 1415 1381 1468 nostm
1398 1402 1592 1469 confirmasse
1607 1402 1677 1468 Deo

293 1522 322 1573 et
335 1509 465 1575 ecclesie
480 1509 632 1576 Omnium
648 1509 832 1578 Sanctorum
840 1513 936 1599 juxta
946 1512 1069 1579 Dublin
1080 1525 1112 1578 et
1126 1509 1283 1578 canonicis
1297 1509 1417 1575 ibidem
1432 1509 1501 1575 Deo
1516 1509 1676 1575 servienti-

293 1615 348 1678 bus
369 1612 548 1700 porcionem
572 1627 708 1682 nostram
730 1615 812 1704 prati
826 1616 866 1683 de
881 1614 1027 1682 Kenturlr
1050 1627 1141 1682 extra
1154 1612 1277 1680 Dublin
1294 1651 1300 1664 ·
1317 1611 1412 1678 Salvo
1431 1611 1503 1697 jure
1526 1611 1676 1677 heredum

294 1718 458 1784 Vincencii
472 1731 505 1785 et
519 1719 611 1784 salvis
625 1720 734 1788 decem
748 1720 854 1786 solidis
875 1721 996 1810 argenti
1011 1746 1089 1808 quos
1102 1721 1265 1788 Willelmo
1280 1720 1319 1787 de
1335 1720 1493 1809 Rumesye
1517 1723 1678 1787 annuatim

293 1825 393 1910 quoad
404 1825 521 1891 vixerit
534 1825 568 1890 in
580 1824 702 1892 duobus
714 1825 788 1892 anni
795 1825 937 1892 terminis
947 1825 1343 1914 persolvent-medietatem
1358 1824 1506 1891 videlicet
1516 1824 1549 1889 in
1558 1824 1678 1891 Pascha

293 1945 323 1994 et
336 1929 429 1996 aliam
451 1929 650 1996 medietatem
664 1929 698 1994 in
713 1929 790 1996 festo
807 1929 914 1996 Sancti
929 1929 1102 1996 Michaelis.
1148 1929 1193 1996 Et
1209 1944 1246 1996 ut
1259 1929 1318 1996 hec
1341 1943 1445 1995 nostra
1459 1929 1590 1996 donacio
1613 1942 1679 1996 rata

293 2035 331 2100 rit
344 2049 376 2102 et
390 2035 508 2101 stabilis
531 2058 600 2101 eam
614 2034 764 2122 presentis
786 2034 894 2122 scripti
907 2033 1085 2100 testimonio
1100 2048 1132 2101 et
1145 2034 1240 2124 sigilli
1256 2035 1352 2101 nostri
1367 2035 1564 2124 apposicione
1587 2038 1677 2102 robo-

293 2141 434 2207 ravimus.
478 2139 551 2206 Hiis
566 2140 695 2206 testibus
711 2177 718 2191 ·
734 2136 861 2204 domino
877 2138 916 2204 R.
931 2137 1039 2204 Priore
1056 2138 1169 2206 Sancte
1184 2139 1349 2206 Trinitatis
1365 2177 1371 2190 ·
1387 2138 1534 2228 magistro
1549 2139 1589 2206 G.
1605 2163 1677 2206 can-

294 2246 415 2324 cellario
431 2246 539 2314 Sancti
553 2247 682 2314 Patricii
698 2297 705 2310 .
721 2245 848 2311 domino
865 2245 905 2312 G.
921 2259 996 2311 tune
1011 2245 1229 2314 archidiacono
1244 2245 1365 2312 Dublin
1382 2285 1388 2297 ·
1404 2245 1552 2333 magistro
1567 2245 1621 2310 W.
1636 2245 1675 2310 de

294 2351 455 2418 Wintonia
471 2391 477 2402 ·
493 2352 547 2419 W.
563 2351 602 2418 de
617 2350 706 2419 Villa
721 2349 907 2416 Colomanni
921 2364 954 2417 et
967 2349 1044 2416 aliis.

927 2697 1047 2770 LVII.

709 2883 767 2958 Dr
788 2881 961 2981 [murita]
983 2887 1070 2975 truta
1086 2883 1254 2978 paucus.

385 3073 525 3142 Niversis
547 3085 651 3139 sancte
671 3073 777 3138 matris
800 3072 928 3138 ecclesie
942 3072 1015 3138 filiis
1039 3073 1078 3138 ad
1092 3095 1170 3158 quos
1188 3095 1313 3160 presens
1336 3071 1486 3161 scriptum
1500 3073 1676 3160 pervenerit

295 3267 302 3274 ,
408 3181 552 3247 dominus
560 3179 744 3246 Remundus
753 3179 891 3246 Lamboo
902 3179 991 3246 miles
1005 3179 1136 3245 salutem
1150 3193 1289 3246 eternam
1300 3181 1333 3245 in
1343 3181 1489 3246 Domino.
1506 3182 1562 3246 Ad
1576 3197 1676 3248 vestre

282 3288 499 3354 universitatis
524 3286 672 3354 noticiam
692 3287 836 3352 volumus
860 3285 1023 3374 pervenire
1045 3309 1102 3351 nos
1121 3286 1191 3352 Deo
1214 3299 1247 3352 et
1264 3287 1355 3353 beate
1370 3286 1471 3352 Maris
1494 3299 1526 3353 et
1548 3287 1676 3353 ecclesie

281 3393 443 3460 Omnium
459 3393 643 3460 Sanctorum
661 3393 757 3480 juxta
779 3394 902 3460 Dublin
924 3405 957 3460 et
979 3393 1136 3461 canonicis
1154 3394 1274 3461 ibidem
1296 3394 1367 3460 Deo
1390 3393 1594 3460 servientibus
1619 3419 1675 3482 pro

282 3503 388 3568 salute
403 3501 505 3568 anime
519 3525 588 3568 mee
602 3513 635 3567 et
649 3501 751 3568 anime
766 3502 872 3568 Alicie
886 3503 963 3567 Bret
976 3502 1084 3567 uxoris
1103 3526 1172 3568 mee
1189 3515 1221 3569 et
1235 3502 1396 3568 animabus
1410 3499 1505 3589 patris
1524 3511 1557 3566 et
1570 3500 1677 3566 manis

281 3626 357 3672 mee
372 3619 405 3671 et
419 3619 644 3672 antecessorum
659 3619 691 3674 et
704 3631 913 3674 successorum
934 3633 1075 3675 meorum
1090 3610 1210 3676 dedisse
1229 3621 1261 3675 et
1275 3608 1458 3675 concessisse
1472 3607 1506 3672 in
1519 3631 1630 3696 puram
1645 3621 1677 3673 et

279 3725 471 3799 perpetuam
486 3711 684 3779 elemosinam
707 3713 935 3782 usumfructum
960 3717 1167 3782 turbariarum
1190 3737 1330 3781 mearum
1346 3714 1380 3779 in
1404 3726 1582 3780 tenemento
1606 3738 1676 3780 meo

272 3816 380 3899 juxta
395 3816 543 3906 Fynglas.
586 3819 637 3885 Ita
657 3819 776 3886 seilicet
790 3821 875 3906 quod
890 3821 967 3888 dicti
982 3822 1123 3889 canonici
1138 3822 1235 3889 libere
1254 3821 1320 3886 sine
1335 3819 1420 3884 omni
1435 3819 1678 3886 contradictione

282 3937 321 3989 et
336 3923 560 4012 impedimento
579 3923 716 3991 habeant
738 3937 770 3991 et
783 3925 910 3992 fodeant
924 3924 963 3991 de
981 3925 1073 3992 dictis
1092 3923 1237 3990 turbariis
1259 3924 1372 3989 nostris
1395 3924 1555 3989 annuatim
1570 3928 1676 3990 turbas

282 4029 329 4094 ad
343 4029 565 4096 sufficienciam
584 4030 725 4097 omnium
740 4031 904 4098 domorum
918 4030 1057 4098 fratrum.
1101 4031 1172 4120 Ego
1187 4054 1262 4096 vero
1276 4029 1435 4118 predictus
1451 4029 1489 4095 R.
1500 4044 1533 4096 et
1547 4030 1676 4098 heredes

282 4135 350 4201 mei
366 4134 457 4202 dictis
472 4133 629 4201 canonicis
643 4135 724 4202 hanc
738 4136 939 4203 elemosinam
953 4150 1091 4204 nostram
1105 4151 1212 4204 contra
1227 4161 1334 4204 omnes
1343 4137 1487 4204 homines
1501 4151 1533 4205 et
1546 4137 1677 4204 feminas

283 4241 565 4308 warentizabimus.
610 4241 655 4307 Et
668 4255 705 4307 nt
717 4242 777 4312 hec
795 4256 900 4310 nostra
914 4243 1045 4310 donacio
1064 4257 1097 4309 et
1111 4244 1267 4310 concessio
1282 4258 1348 4311 rata
1362 4256 1395 4310 et
1413 4243 1593 4311 inconcussa
1606 4269 1676 4332 per-

285 4359 412 4412 maneat
425 4345 460 4411 in
473 4359 632 4434 posterum
647 4369 772 4436 presens
785 4347 936 4438 scripturn
959 4347 1054 4436 sigilli
1069 4348 1165 4415 nostri
1181 4347 1381 4438 impressione
1401 4349 1675 4416 corroboravimus.

1604 4455 1676 4521 Hiis
