4368 5408
1141 608 1218 682 lviii

482 807 583 858 tarum
599 815 771 858 marcarum
784 815 860 876 quas
872 790 968 856 iidem
983 791 1083 876 major
1097 805 1129 856 et
1144 790 1254 856 ballivi
1268 791 1430 858 annuatim
1444 791 1504 858 sibi
1518 790 1686 858 heredibus
1700 805 1733 858 et
1754 816 1873 861 succes-

483 900 604 965 soribus
619 898 682 964 suis
697 897 826 964 reddere
840 898 1028 963 tenebantur
1043 897 1081 962 ad
1100 895 1267 961 servicium
1289 895 1410 962 domini
1433 895 1515 984 regis
1536 909 1617 962 terre
1639 919 1694 962 sue
1721 897 1874 965 Hibemie

483 1029 540 1092 pro
559 1003 741 1072 feodofirma
767 1001 903 1069 civitatis
929 1002 1068 1091 predicte
1089 1015 1184 1090 prout
1206 1001 1240 1066 in
1262 1002 1379 1068 eisdem
1406 1001 1518 1067 litteris
1550 1001 1730 1090 patentibus
1752 1002 1874 1090 plenius

483 1111 584 1197 liquet
608 1135 615 1150 ·
640 1133 676 1176 ac
690 1108 785 1175 etiam
799 1131 872 1173 eum
887 1130 943 1172 nos
958 1130 1014 1194 per
1028 1107 1146 1172 litteras
1160 1121 1279 1172 nostras
1293 1121 1433 1195 petentes
1448 1108 1506 1172 sub
1521 1131 1636 1194 magno
1651 1106 1755 1195 sigillo
1769 1122 1874 1174 nostro

483 1215 603 1304 Anglie
625 1227 767 1304 gerentes
789 1213 896 1278 datum
919 1211 1003 1298 apud
1026 1210 1341 1276 westmonasterium
1366 1209 1477 1296 quinto
1503 1209 1554 1275 die
1583 1209 1771 1277 Novembris
1792 1235 1874 1276 anno

482 1324 572 1412 regni
595 1321 692 1387 nostri
714 1320 850 1386 secundo
872 1319 1049 1386 dederimus
1064 1331 1096 1383 et
1119 1317 1327 1384 concessimus
1351 1341 1408 1404 pro
1427 1316 1517 1383 nobis
1532 1330 1563 1382 et
1578 1315 1746 1382 heredibus
1761 1315 1874 1382 nostris

481 1445 559 1494 tunc
574 1427 685 1513 majori
700 1425 824 1492 ballivis
838 1425 960 1492 civibus
975 1441 1007 1492 et
1022 1423 1240 1490 communitati
1261 1423 1397 1490 civitatis
1416 1438 1519 1488 nostre
1540 1423 1665 1489 Dublin
1680 1422 1819 1509 predicte
1841 1435 1873 1488 et

482 1534 708 1601 successoribus
723 1533 785 1598 suis
799 1533 834 1597 in
849 1533 1005 1599 auxilium
1024 1549 1057 1599 ct
1075 1532 1346 1622 supportacionem
1370 1530 1452 1597 dicte
1474 1530 1611 1597 civitatis
1633 1543 1737 1595 nostre
1758 1529 1873 1617 viginti

481 1641 575 1706 libras
602 1641 641 1705 de
671 1638 755 1705 dicta
788 1638 970 1704 feodofirma
999 1639 1204 1704 ducentarum
1233 1660 1406 1703 marcarum
1435 1660 1491 1725 per
1520 1661 1637 1702 annum
1666 1659 1673 1674 ·
1704 1634 1874 1701 Habendas

482 1745 630 1810 levandas
645 1757 678 1810 et
692 1744 868 1810 retinendas
890 1744 923 1808 in
945 1742 1089 1808 manibus
1111 1742 1174 1808 suis
1195 1741 1328 1829 propriis
1351 1755 1382 1808 et
1401 1765 1611 1808 successorum
1632 1764 1759 1806 suorum
1776 1763 1874 1826 usque

482 1853 576 1916 finem
606 1848 733 1915 termini
762 1846 969 1936 quadraginta
994 1871 1145 1912 annorum
1175 1861 1252 1912 tunc
1280 1846 1426 1935 proxime
1455 1846 1658 1933 sequencium
1678 1860 1711 1912 et
1736 1845 1874 1935 plenarie

482 1955 740 2044 complendorum
755 1955 871 2041 absque
886 1968 1032 2039 compoto
1047 1976 1103 2017 suo
1118 1952 1223 2038 aliquo
1238 1952 1300 2017 alio
1314 1952 1389 2019 inde
1403 1952 1494 2019 nobis
1508 1951 1677 2018 heredibus
1691 1952 1742 2018 vel
1756 1977 1874 2020 succes·

480 2062 600 2127 soribus
615 2059 727 2125 nostris
742 2059 873 2125 durante
889 2059 1022 2123 termino
1038 2057 1178 2146 predicte
1193 2058 1355 2124 reddendo
1384 2059 1535 2125 solvendo
1550 2083 1604 2125 seu
1618 2057 1762 2126 faciendo
1778 2076 1872 2146 prout

481 2169 515 2231 in
531 2165 623 2231 dictis
637 2163 748 2230 litteris
762 2163 876 2228 nostris
889 2161 1069 2249 patentibus
1084 2161 1207 2250 plenius
1220 2162 1323 2248 liquet
1345 2187 1352 2200 ·
1375 2163 1440 2228 Nos
1455 2163 1571 2252 pietate
1590 2162 1668 2228 moti
1689 2187 1752 2230 non
1772 2164 1872 2230 solum

480 2268 630 2358 premissa
657 2265 887 2334 considerantes
915 2288 1025 2330 verum
1055 2264 1150 2330 etiam
1179 2265 1374 2332 debilitatem
1404 2282 1437 2334 et
1469 2269 1683 2335 ruinositatem
1713 2293 1872 2335 murorum

479 2373 699 2441 fortilatiorum
719 2387 751 2437 et
771 2370 906 2436 turrium
931 2368 1014 2434 dicte
1040 2367 1175 2434 civitatis
1195 2383 1300 2436 nostre
1319 2372 1360 2437 ad
1380 2396 1505 2461 presens
1525 2397 1561 2440 ac
1579 2397 1636 2462 pro
1651 2375 1872 2440 emendacione

479 2478 702 2546 fortificacione
717 2491 750 2543 et
764 2475 1003 2566 supportacione
1023 2475 1159 2541 civitatis
1174 2491 1277 2544 nostre
1293 2479 1433 2566 predicte
1445 2481 1484 2546 de
1498 2481 1604 2570 gracia
1621 2496 1726 2548 nostra
1744 2481 1872 2569 speciali

477 2610 514 2651 ac
529 2607 571 2651 ex
585 2599 668 2651 certa
684 2583 814 2650 scientia
828 2595 860 2648 et
882 2605 968 2648 mero
990 2597 1078 2646 motu
1101 2582 1212 2648 nostris
1235 2583 1379 2650 dedimus
1401 2587 1609 2653 concessimus
1630 2587 1819 2653 remissimus
1840 2603 1874 2654 et

477 2691 688 2758 relaxavimus
702 2714 738 2756 ac
753 2713 809 2777 per
823 2703 981 2776 presentes
996 2688 1107 2754 damus
1128 2689 1330 2755 concedimus
1353 2691 1540 2758 remittimus
1562 2709 1594 2760 et
1616 2692 1792 2760 relaxamus
1814 2717 1871 2780 pro

478 2796 569 2862 nobis
583 2794 751 2862 heredibus
765 2809 799 2861 et
813 2792 1041 2860 successoribus
1056 2793 1168 2859 nostris
1189 2795 1307 2862 eisdem
1328 2797 1439 2882 majori
1462 2798 1586 2864 ballivis
1607 2798 1729 2864 civibus
1743 2813 1776 2866 et
1789 2823 1872 2865 com·

478 2905 625 2970 munitati
646 2903 782 2970 civitatis
803 2917 908 2968 nostre
930 2900 1088 2966 Dublinie
1113 2900 1252 2989 predicte
1275 2916 1308 2967 et
1332 2926 1442 2968 eorum
1464 2905 1691 2971 successoribus
1716 2905 1871 2992 predictas

478 3009 685 3099 quadraginta
709 3033 823 3076 novem
848 3008 942 3074 libras
971 3031 1027 3073 sex
1057 3008 1170 3074 solidos
1195 3023 1227 3076 et
1257 3025 1327 3076 octo
1353 3012 1495 3078 denarios
1520 3029 1583 3079 tam
1613 3037 1669 3103 per
1694 3013 1870 3103 predictum

478 3116 725 3202 predecessorem
747 3128 886 3179 nostrum
908 3112 1102 3180 Richardum
1121 3137 1222 3202 nuper
1239 3139 1345 3203 regem
1365 3119 1485 3208 Anglie
1504 3121 1549 3185 eis
1569 3135 1604 3186 ut
1629 3123 1770 3210 superius
1795 3123 1870 3188 reci·

479 3235 562 3286 tatur
576 3243 734 3287 concessas
749 3243 842 3306 quarn
858 3219 1012 3307 predictas
1027 3219 1142 3308 viginti
1162 3219 1256 3287 libras
1270 3247 1389 3289 annuas
1409 3249 1464 3312 per
1483 3250 1539 3291 nos
1563 3225 1608 3292 eis
1628 3252 1787 3294 concessas
1801 3252 1870 3316 par-

478 3326 589 3392 cellam
607 3325 789 3392 feodofirm
808 3325 947 3413 predicte
962 3325 1173 3412 predictarum
1193 3327 1398 3394 ducentarum
1420 3355 1591 3397 marcarum
1611 3333 1747 3400 civitatis
1766 3349 1870 3399 nostre

478 3431 619 3519 predicte
641 3455 677 3496 ac
706 3443 809 3496 totum
827 3430 882 3515 jus
904 3443 1045 3493 nostrum
1074 3443 1189 3494 statum
1214 3431 1342 3498 titulum
1366 3433 1521 3500 clameum
1536 3451 1568 3502 et
1597 3437 1787 3504 demendum
1803 3437 1870 3502 Ha-

479 3537 582 3604 benda
602 3551 636 3604 et
652 3535 817 3602 retinenda
835 3533 869 3599 iu
890 3533 1034 3598 manibus
1056 3533 1118 3598 suis
1148 3535 1281 3624 propriis
1310 3553 1342 3604 et
1371 3563 1581 3608 successorum
1611 3567 1736 3608 suorum
1754 3543 1868 3631 imper-

479 3657 609 3732 petuum
638 3643 754 3727 absque
782 3640 887 3726 aliquo
917 3655 1062 3727 compoto
1092 3641 1223 3726 proinde
1252 3643 1342 3709 uobis
1371 3645 1539 3714 heredibus
1564 3649 1616 3713 vel
1644 3649 1869 3715 successoribus

477 3749 589 3815 nostris
603 3747 763 3813 reddendo
777 3742 927 3812 solvendo
943 3767 998 3809 scu
1011 3745 1165 3812 faciendo.
1188 3747 1232 3814 Et
1240 3750 1326 3835 quod
1349 3750 1408 3839 ipsi
1430 3775 1515 3818 nunc
1538 3755 1638 3840 major
1656 3754 1764 3822 ballivi
1784 3755 1868 3820 cives

479 3870 511 3920 et
532 3852 738 3919 communitas
759 3849 895 3918 civitatis
916 3849 1056 3938 predicte
1083 3865 1115 3917 et
1143 3875 1252 3918 eorum
1280 3877 1468 3922 successores
1497 3881 1572 3948 erga
1599 3883 1656 3925 nos
1686 3860 1816 3926 heredes
1837 3875 1869 3928 et

479 3981 667 4026 successores
691 3971 810 4024 nostros
839 3970 904 4024 tam
933 3956 972 4021 de
1001 3957 1151 4045 predictis
1181 3959 1388 4049 quadraginta
1417 3987 1531 4030 novem
1560 3965 1648 4032 libris
1677 3989 1733 4032 sex
1762 3965 1869 4032 solidis

479 4079 511 4131 et
540 4079 610 4130 octo
639 4064 774 4130 denariis
803 4088 897 4150 quam
942 4063 981 4128 de
1022 4063 1170 4152 predictis
1213 4065 1328 4156 viginti
1356 4069 1445 4136 libris
1488 4073 1623 4160 parcella
1657 4075 1867 4162 predictarum

479 4173 684 4238 ducentarum
708 4193 881 4235 marcarum
902 4169 1083 4236 feodofinne
1109 4171 1245 4240 civitatis
1268 4175 1408 4264 predicte
1430 4177 1662 4268 imperpetuum
1685 4180 1748 4248 sint
1769 4179 1867 4266 quieti

477 4295 511 4346 et
531 4277 694 4345 exonerati
717 4301 773 4365 per
793 4291 959 4366 presentes.
1004 4279 1055 4344 Ao
1077 4279 1173 4345 etiam
1194 4283 1339 4349 volumus
1360 4299 1393 4350 et
1413 4308 1469 4373 per
1490 4301 1647 4374 presentes
1669 4287 1868 4354 concedimus

479 4384 564 4472 quod
593 4407 657 4450 nou
686 4385 828 4452 obstante
857 4383 963 4470 aliqua
983 4385 1191 4472 inquisicione
1213 4389 1279 4457 sire
1305 4391 1565 4478 inquisicionibus
1594 4418 1648 4460 seu
1678 4392 1799 4461 officiiis
1827 4392 1867 4458 de

1713 4521 1869 4588 prem1ss1s
