<?xml version="1.0" encoding="UTF-8"?>
<!DOCTYPE html PUBLIC "-//W3C//DTD XHTML 1.0 Transitional//EN"
    "http://www.w3.org/TR/xhtml1/DTD/xhtml1-transitional.dtd">
<html xmlns="http://www.w3.org/1999/xhtml" xml:lang="en" lang="en">
 <head>
  <title>
</title>
<meta http-equiv="Content-Type" content="text/html;charset=utf-8" />
  <meta name='ocr-system' content='tesseract 3.04.00' />
  <meta name='ocr-capabilities' content='ocr_page ocr_carea ocr_par ocr_line ocrx_word'/>
</head>
<body>
  <div class='ocr_page' id='page_1' title='image "./registrumpriora00librgoog_0153.png"; bbox 0 0 4284 5412; ppageno 0'>
   <div class='ocr_carea' id='block_1_1' title="bbox 1140 651 1186 724">
    <p class='ocr_par' dir='ltr' id='par_1_1' title="bbox 1140 651 1186 724">
     <span class='ocr_line' id='line_1_1' title="bbox 1140 651 1186 724; baseline 0 -22"><span class='ocrx_word' id='word_1_1' title='bbox 1140 651 1186 724; x_wconf 85' lang='lat'>70</span> 
     </span>
    </p>
   </div>
   <div class='ocr_carea' id='block_1_2' title="bbox 468 812 1900 2609">
    <p class='ocr_par' dir='ltr' id='par_1_2' title="bbox 469 812 1858 1010">
     <span class='ocr_line' id='line_1_2' title="bbox 470 812 1858 903; baseline -0.003 -22"><span class='ocrx_word' id='word_1_2' title='bbox 470 818 579 882; x_wconf 90' lang='lat' dir='ltr'>dinum</span> <span class='ocrx_word' id='word_1_3' title='bbox 595 842 686 883; x_wconf 91' lang='lat' dir='ltr'>suum</span> <span class='ocrx_word' id='word_1_4' title='bbox 700 830 790 883; x_wconf 87' lang='lat' dir='ltr'>extra</span> <span class='ocrx_word' id='word_1_5' title='bbox 804 829 925 903; x_wconf 87' lang='lat' dir='ltr'>portem</span> <span class='ocrx_word' id='word_1_6' title='bbox 941 812 1018 877; x_wconf 91' lang='lat' dir='ltr'>dicti</span> <span class='ocrx_word' id='word_1_7' title='bbox 1034 812 1187 900; x_wconf 83' lang='lat' dir='ltr'><strong>prioratus</strong></span> <span class='ocrx_word' id='word_1_8' title='bbox 1209 813 1304 878; x_wconf 90' lang='lat' dir='ltr'>situm</span> <span class='ocrx_word' id='word_1_9' title='bbox 1318 813 1385 879; x_wconf 91' lang='lat' dir='ltr'>sine</span> <span class='ocrx_word' id='word_1_10' title='bbox 1407 813 1514 899; x_wconf 87' lang='lat' dir='ltr'>aliqua</span> <span class='ocrx_word' id='word_1_11' title='bbox 1534 814 1712 903; x_wconf 83' lang='lat' dir='ltr'><strong>calumpnia</strong></span> <span class='ocrx_word' id='word_1_12' title='bbox 1725 814 1858 902; x_wconf 85' lang='lat' dir='ltr'>impedi·</span> 
     </span>
     <span class='ocr_line' id='line_1_3' title="bbox 469 920 1758 1010; baseline -0.005 -20"><span class='ocrx_word' id='word_1_13' title='bbox 469 941 575 992; x_wconf 90' lang='lat' dir='ltr'>mento</span> <span class='ocrx_word' id='word_1_14' title='bbox 590 927 641 991; x_wconf 87' lang='lat' dir='ltr'>vel</span> <span class='ocrx_word' id='word_1_15' title='bbox 656 924 900 992; x_wconf 77' lang='lat' dir='ltr'>contradictione</span> <span class='ocrx_word' id='word_1_16' title='bbox 912 921 990 987; x_wconf 90' lang='lat' dir='ltr'>dicti</span> <span class='ocrx_word' id='word_1_17' title='bbox 1004 920 1135 987; x_wconf 88' lang='lat' dir='ltr'>Roberti</span> <span class='ocrx_word' id='word_1_18' title='bbox 1150 920 1302 987; x_wconf 86' lang='lat' dir='ltr'>heredum</span> <span class='ocrx_word' id='word_1_19' title='bbox 1316 921 1368 986; x_wconf 87' lang='lat' dir='ltr'>vel</span> <span class='ocrx_word' id='word_1_20' title='bbox 1383 921 1608 1010; x_wconf 84' lang='lat' dir='ltr'>assignatorum</span> <span class='ocrx_word' id='word_1_21' title='bbox 1624 945 1758 986; x_wconf 90' lang='lat' dir='ltr'>suorum.</span> 
     </span>
    </p>

    <p class='ocr_par' dir='ltr' id='par_1_3' title="bbox 468 1024 1859 1628">
     <span class='ocr_line' id='line_1_4' title="bbox 534 1024 1859 1116; baseline -0.005 -20"><span class='ocrx_word' id='word_1_22' title='bbox 534 1033 664 1098; x_wconf 88' lang='lat' dir='ltr'>Etcum</span> <span class='ocrx_word' id='word_1_23' title='bbox 680 1031 764 1096; x_wconf 85' lang='lat' dir='ltr'>dicta</span> <span class='ocrx_word' id='word_1_24' title='bbox 778 1054 859 1115; x_wconf 87' lang='lat' dir='ltr'>equa</span> <span class='ocrx_word' id='word_1_25' title='bbox 873 1029 912 1094; x_wconf 91' lang='lat' dir='ltr'>de</span> <span class='ocrx_word' id='word_1_26' title='bbox 927 1027 1040 1116; x_wconf 85' lang='lat' dir='ltr'>Dodyr</span> <span class='ocrx_word' id='word_1_27' title='bbox 1054 1026 1193 1114; x_wconf 79' lang='lat' dir='ltr'>plenarie</span> <span class='ocrx_word' id='word_1_28' title='bbox 1213 1041 1245 1092; x_wconf 89' lang='lat' dir='ltr'>et</span> <span class='ocrx_word' id='word_1_29' title='bbox 1259 1027 1448 1093; x_wconf 88' lang='lat' dir='ltr'>sufficienter</span> <span class='ocrx_word' id='word_1_30' title='bbox 1462 1028 1502 1092; x_wconf 86' lang='lat' dir='ltr'>ed</span> <span class='ocrx_word' id='word_1_31' title='bbox 1517 1027 1692 1114; x_wconf 91' lang='lat' dir='ltr'>predictum</span> <span class='ocrx_word' id='word_1_32' title='bbox 1706 1024 1859 1091; x_wconf 90' lang='lat' dir='ltr'>molendi·</span> 
     </span>
     <span class='ocr_line' id='line_1_5' title="bbox 469 1127 1859 1203; baseline -0.008 1"><span class='ocrx_word' id='word_1_33' title='bbox 469 1163 545 1203; x_wconf 93' lang='lat' dir='ltr'>num</span> <span class='ocrx_word' id='word_1_34' title='bbox 558 1138 652 1203; x_wconf 89' lang='lat' dir='ltr'>ducta</span> <span class='ocrx_word' id='word_1_35' title='bbox 665 1135 760 1201; x_wconf 85' lang='lat' dir='ltr'>fuerit</span> <span class='ocrx_word' id='word_1_36' title='bbox 771 1133 847 1199; x_wconf 93' lang='lat' dir='ltr'>dicti</span> <span class='ocrx_word' id='word_1_37' title='bbox 862 1131 952 1197; x_wconf 91' lang='lat' dir='ltr'>Prior</span> <span class='ocrx_word' id='word_1_38' title='bbox 966 1143 998 1195; x_wconf 92' lang='lat' dir='ltr'>et</span> <span class='ocrx_word' id='word_1_39' title='bbox 1012 1143 1184 1195; x_wconf 88' lang='lat' dir='ltr'>conventus</span> <span class='ocrx_word' id='word_1_40' title='bbox 1198 1142 1415 1196; x_wconf 83' lang='lat' dir='ltr'>concessenmt</span> <span class='ocrx_word' id='word_1_41' title='bbox 1429 1130 1531 1196; x_wconf 89' lang='lat' dir='ltr'>eidem</span> <span class='ocrx_word' id='word_1_42' title='bbox 1543 1130 1681 1196; x_wconf 82' lang='lat' dir='ltr'>Roberto</span> <span class='ocrx_word' id='word_1_43' title='bbox 1696 1143 1729 1196; x_wconf 90' lang='lat' dir='ltr'>et</span> <span class='ocrx_word' id='word_1_44' title='bbox 1738 1127 1859 1195; x_wconf 91' lang='lat' dir='ltr'>heredi·</span> 
     </span>
     <span class='ocr_line' id='line_1_6' title="bbox 468 1233 1858 1332; baseline -0.009 -20"><span class='ocrx_word' id='word_1_45' title='bbox 468 1249 527 1312; x_wconf 91' lang='lat' dir='ltr'>bus</span> <span class='ocrx_word' id='word_1_46' title='bbox 548 1245 610 1310; x_wconf 93' lang='lat' dir='ltr'>suis</span> <span class='ocrx_word' id='word_1_47' title='bbox 625 1269 681 1332; x_wconf 93' lang='lat' dir='ltr'>pro</span> <span class='ocrx_word' id='word_1_48' title='bbox 696 1240 828 1307; x_wconf 81' lang='lat' dir='ltr'>licencia</span> <span class='ocrx_word' id='word_1_49' title='bbox 850 1235 1046 1305; x_wconf 91' lang='lat' dir='ltr'>conducendi</span> <span class='ocrx_word' id='word_1_50' title='bbox 1061 1233 1253 1300; x_wconf 81' lang='lat' dir='ltr'>attrahendi</span> <span class='ocrx_word' id='word_1_51' title='bbox 1268 1234 1385 1300; x_wconf 90' lang='lat' dir='ltr'>dictam</span> <span class='ocrx_word' id='word_1_52' title='bbox 1405 1257 1518 1321; x_wconf 87' lang='lat' dir='ltr'>equam</span> <span class='ocrx_word' id='word_1_53' title='bbox 1536 1249 1573 1300; x_wconf 89' lang='lat' dir='ltr'>ut</span> <span class='ocrx_word' id='word_1_54' title='bbox 1592 1235 1768 1322; x_wconf 87' lang='lat' dir='ltr'>predictum</span> <span class='ocrx_word' id='word_1_55' title='bbox 1789 1247 1858 1300; x_wconf 87' lang='lat' dir='ltr'>est·</span> 
     </span>
     <span class='ocr_line' id='line_1_7' title="bbox 468 1341 1859 1415; baseline -0.006 0"><span class='ocrx_word' id='word_1_56' title='bbox 468 1350 647 1415; x_wconf 89' lang='lat' dir='ltr'>molituram</span> <span class='ocrx_word' id='word_1_57' title='bbox 672 1347 764 1412; x_wconf 90' lang='lat' dir='ltr'>unius</span> <span class='ocrx_word' id='word_1_58' title='bbox 787 1345 910 1411; x_wconf 90' lang='lat' dir='ltr'>cranoci</span> <span class='ocrx_word' id='word_1_59' title='bbox 931 1343 1080 1409; x_wconf 83' lang='lat' dir='ltr'>frumenti</span> <span class='ocrx_word' id='word_1_60' title='bbox 1106 1354 1138 1407; x_wconf 90' lang='lat' dir='ltr'>et</span> <span class='ocrx_word' id='word_1_61' title='bbox 1157 1341 1250 1406; x_wconf 91' lang='lat' dir='ltr'>unius</span> <span class='ocrx_word' id='word_1_62' title='bbox 1275 1342 1399 1408; x_wconf 84' lang='lat' dir='ltr'>cranoci</span> <span class='ocrx_word' id='word_1_63' title='bbox 1412 1342 1512 1408; x_wconf 83' lang='lat' dir='ltr'>brasei</span> <span class='ocrx_word' id='word_1_64' title='bbox 1531 1342 1566 1408; x_wconf 91' lang='lat' dir='ltr'>in</span> <span class='ocrx_word' id='word_1_65' title='bbox 1581 1343 1665 1408; x_wconf 87' lang='lat' dir='ltr'>dicto</span> <span class='ocrx_word' id='word_1_66' title='bbox 1680 1342 1859 1408; x_wconf 91' lang='lat' dir='ltr'>molendino</span> 
     </span>
     <span class='ocr_line' id='line_1_8' title="bbox 470 1447 1859 1542; baseline -0.007 -20"><span class='ocrx_word' id='word_1_67' title='bbox 470 1456 609 1542; x_wconf 87' lang='lat' dir='ltr'>qualibet</span> <span class='ocrx_word' id='word_1_68' title='bbox 630 1453 802 1541; x_wconf 85' lang='lat' dir='ltr'>septimana</span> <span class='ocrx_word' id='word_1_69' title='bbox 824 1451 890 1516; x_wconf 91' lang='lat' dir='ltr'>sine</span> <span class='ocrx_word' id='word_1_70' title='bbox 912 1450 1017 1536; x_wconf 86' lang='lat' dir='ltr'>aliquo</span> <span class='ocrx_word' id='word_1_71' title='bbox 1031 1448 1150 1514; x_wconf 91' lang='lat' dir='ltr'>tolneto</span> <span class='ocrx_word' id='word_1_72' title='bbox 1165 1447 1239 1514; x_wconf 91' lang='lat' dir='ltr'>inde</span> <span class='ocrx_word' id='word_1_73' title='bbox 1263 1447 1421 1536; x_wconf 88' lang='lat' dir='ltr'>exigendo</span> <span class='ocrx_word' id='word_1_74' title='bbox 1436 1447 1487 1514; x_wconf 90' lang='lat' dir='ltr'>vel</span> <span class='ocrx_word' id='word_1_75' title='bbox 1500 1448 1680 1538; x_wconf 90' lang='lat' dir='ltr'>recipiendo</span> <span class='ocrx_word' id='word_1_76' title='bbox 1695 1472 1751 1537; x_wconf 93' lang='lat' dir='ltr'>pro</span> <span class='ocrx_word' id='word_1_77' title='bbox 1774 1447 1859 1513; x_wconf 91' lang='lat' dir='ltr'>omni</span> 
     </span>
     <span class='ocr_line' id='line_1_9' title="bbox 470 1555 1079 1628; baseline -0.015 0"><span class='ocrx_word' id='word_1_78' title='bbox 470 1563 530 1628; x_wconf 83' lang='lat' dir='ltr'>alio</span> <span class='ocrx_word' id='word_1_79' title='bbox 545 1559 676 1627; x_wconf 89' lang='lat' dir='ltr'>servicio</span> <span class='ocrx_word' id='word_1_80' title='bbox 690 1559 854 1624; x_wconf 86' lang='lat' dir='ltr'>exactione</span> <span class='ocrx_word' id='word_1_81' title='bbox 869 1570 901 1622; x_wconf 89' lang='lat' dir='ltr'>et</span> <span class='ocrx_word' id='word_1_82' title='bbox 916 1555 1079 1621; x_wconf 89' lang='lat' dir='ltr'>demanda.</span> 
     </span>
    </p>

    <p class='ocr_par' dir='ltr' id='par_1_4' title="bbox 468 1659 1900 2609">
     <span class='ocr_line' id='line_1_10' title="bbox 534 1659 1900 1748; baseline -0.003 -18"><span class='ocrx_word' id='word_1_83' title='bbox 534 1667 578 1732; x_wconf 89' lang='lat' dir='ltr'>Et</span> <span class='ocrx_word' id='word_1_84' title='bbox 593 1665 694 1731; x_wconf 92' lang='lat' dir='ltr'>dictus</span> <span class='ocrx_word' id='word_1_85' title='bbox 708 1688 782 1730; x_wconf 85' lang='lat' dir='ltr'>vero</span> <span class='ocrx_word' id='word_1_86' title='bbox 798 1664 954 1728; x_wconf 89' lang='lat' dir='ltr'>Robertus</span> <span class='ocrx_word' id='word_1_87' title='bbox 969 1661 1098 1726; x_wconf 89' lang='lat' dir='ltr'>heredes</span> <span class='ocrx_word' id='word_1_88' title='bbox 1117 1659 1165 1724; x_wconf 92' lang='lat' dir='ltr'>sui</span> <span class='ocrx_word' id='word_1_89' title='bbox 1179 1672 1212 1724; x_wconf 89' lang='lat' dir='ltr'>et</span> <span class='ocrx_word' id='word_1_90' title='bbox 1226 1659 1373 1748; x_wconf 86' lang='lat' dir='ltr'>assignati</span> <span class='ocrx_word' id='word_1_91' title='bbox 1388 1659 1505 1726; x_wconf 86' lang='lat' dir='ltr'>dictam</span> <span class='ocrx_word' id='word_1_92' title='bbox 1523 1661 1609 1726; x_wconf 86' lang='lat' dir='ltr'>viam</span> <span class='ocrx_word' id='word_1_93' title='bbox 1628 1661 1668 1727; x_wconf 87' lang='lat' dir='ltr'>ad</span> <span class='ocrx_word' id='word_1_94' title='bbox 1682 1662 1857 1727; x_wconf 90' lang='lat' dir='ltr'>conducen-</span> <span class='ocrx_word' id='word_1_95' title='bbox 1895 1696 1900 1708; x_wconf 94' lang='lat'>·</span> 
     </span>
     <span class='ocr_line' id='line_1_11' title="bbox 471 1762 1858 1855; baseline -0.006 -17"><span class='ocrx_word' id='word_1_96' title='bbox 471 1775 543 1838; x_wconf 90' lang='lat' dir='ltr'>dam</span> <span class='ocrx_word' id='word_1_97' title='bbox 557 1793 681 1837; x_wconf 90' lang='lat' dir='ltr'>cursum</span> <span class='ocrx_word' id='word_1_98' title='bbox 703 1793 782 1855; x_wconf 87' lang='lat' dir='ltr'>aque</span> <span class='ocrx_word' id='word_1_99' title='bbox 798 1766 936 1855; x_wconf 86' lang='lat' dir='ltr'>predicte</span> <span class='ocrx_word' id='word_1_100' title='bbox 952 1788 1007 1853; x_wconf 93' lang='lat' dir='ltr'>per</span> <span class='ocrx_word' id='word_1_101' title='bbox 1022 1786 1251 1850; x_wconf 89' lang='lat' dir='ltr'>quemcumque</span> <span class='ocrx_word' id='word_1_102' title='bbox 1266 1762 1370 1828; x_wconf 91' lang='lat' dir='ltr'>locum</span> <span class='ocrx_word' id='word_1_103' title='bbox 1385 1763 1463 1828; x_wconf 92' lang='lat' dir='ltr'>dicti</span> <span class='ocrx_word' id='word_1_104' title='bbox 1477 1765 1647 1830; x_wconf 89' lang='lat' dir='ltr'>tenementi</span> <span class='ocrx_word' id='word_1_105' title='bbox 1661 1764 1709 1830; x_wconf 93' lang='lat' dir='ltr'>sui</span> <span class='ocrx_word' id='word_1_106' title='bbox 1725 1764 1764 1830; x_wconf 92' lang='lat' dir='ltr'>dc</span> <span class='ocrx_word' id='word_1_107' title='bbox 1776 1765 1858 1830; x_wconf 88' lang='lat' dir='ltr'>Rath</span> 
     </span>
     <span class='ocr_line' id='line_1_12' title="bbox 470 1869 1857 1966; baseline -0.005 -22"><span class='ocrx_word' id='word_1_108' title='bbox 470 1902 563 1966; x_wconf 89' lang='lat' dir='ltr'>quem</span> <span class='ocrx_word' id='word_1_109' title='bbox 577 1877 674 1942; x_wconf 88' lang='lat' dir='ltr'>iidem</span> <span class='ocrx_word' id='word_1_110' title='bbox 689 1876 779 1941; x_wconf 91' lang='lat' dir='ltr'>Prior</span> <span class='ocrx_word' id='word_1_111' title='bbox 802 1887 834 1940; x_wconf 91' lang='lat' dir='ltr'>et</span> <span class='ocrx_word' id='word_1_112' title='bbox 856 1885 1029 1939; x_wconf 87' lang='lat' dir='ltr'>conventus</span> <span class='ocrx_word' id='word_1_113' title='bbox 1048 1869 1199 1936; x_wconf 86' lang='lat' dir='ltr'>duxerint</span> <span class='ocrx_word' id='word_1_114' title='bbox 1221 1869 1403 1958; x_wconf 86' lang='lat' dir='ltr'>eligendum</span> <span class='ocrx_word' id='word_1_115' title='bbox 1426 1871 1470 1936; x_wconf 90' lang='lat' dir='ltr'>eis</span> <span class='ocrx_word' id='word_1_116' title='bbox 1494 1885 1526 1938; x_wconf 88' lang='lat' dir='ltr'>et</span> <span class='ocrx_word' id='word_1_117' title='bbox 1548 1873 1612 1938; x_wconf 90' lang='lat' dir='ltr'>suis</span> <span class='ocrx_word' id='word_1_118' title='bbox 1635 1873 1857 1940; x_wconf 86' lang='lat' dir='ltr'>successoribus</span> 
     </span>
     <span class='ocr_line' id='line_1_13' title="bbox 469 1979 1857 2066; baseline -0.002 -15"><span class='ocrx_word' id='word_1_119' title='bbox 469 2000 577 2052; x_wconf 80' lang='lat' dir='ltr'>contra</span> <span class='ocrx_word' id='word_1_120' title='bbox 599 2009 706 2050; x_wconf 89' lang='lat' dir='ltr'>omnes</span> <span class='ocrx_word' id='word_1_121' title='bbox 719 1983 863 2049; x_wconf 89' lang='lat' dir='ltr'>homines</span> <span class='ocrx_word' id='word_1_122' title='bbox 885 1997 918 2048; x_wconf 89' lang='lat' dir='ltr'>et</span> <span class='ocrx_word' id='word_1_123' title='bbox 937 1982 1067 2048; x_wconf 88' lang='lat' dir='ltr'>feminas</span> <span class='ocrx_word' id='word_1_124' title='bbox 1090 1979 1338 2046; x_wconf 84' lang='lat' dir='ltr'>warantizabunt</span> <span class='ocrx_word' id='word_1_125' title='bbox 1360 1981 1583 2066; x_wconf 88' lang='lat' dir='ltr'>acquietabunt</span> <span class='ocrx_word' id='word_1_126' title='bbox 1597 1995 1629 2048; x_wconf 89' lang='lat' dir='ltr'>et</span> <span class='ocrx_word' id='word_1_127' title='bbox 1643 1983 1811 2049; x_wconf 86' lang='lat' dir='ltr'>defendent</span> <span class='ocrx_word' id='word_1_128' title='bbox 1824 1983 1857 2048; x_wconf 90' lang='lat' dir='ltr'>in</span> 
     </span>
     <span class='ocr_line' id='line_1_14' title="bbox 470 2089 1859 2182; baseline -0.004 -23"><span class='ocrx_word' id='word_1_129' title='bbox 470 2106 664 2182; x_wconf 87' lang='lat' dir='ltr'>perpetuum.</span> <span class='ocrx_word' id='word_1_130' title='bbox 709 2093 754 2157; x_wconf 89' lang='lat' dir='ltr'>Et</span> <span class='ocrx_word' id='word_1_131' title='bbox 768 2091 846 2157; x_wconf 90' lang='lat' dir='ltr'>dicti</span> <span class='ocrx_word' id='word_1_132' title='bbox 857 2090 947 2156; x_wconf 93' lang='lat' dir='ltr'>Prior</span> <span class='ocrx_word' id='word_1_133' title='bbox 962 2101 994 2155; x_wconf 86' lang='lat' dir='ltr'>et</span> <span class='ocrx_word' id='word_1_134' title='bbox 1004 2101 1176 2155; x_wconf 88' lang='lat' dir='ltr'>conventus</span> <span class='ocrx_word' id='word_1_135' title='bbox 1191 2102 1342 2154; x_wconf 89' lang='lat' dir='ltr'>eteorum</span> <span class='ocrx_word' id='word_1_136' title='bbox 1353 2113 1540 2156; x_wconf 81' lang='lat' dir='ltr'>successores</span> <span class='ocrx_word' id='word_1_137' title='bbox 1551 2089 1666 2156; x_wconf 84' lang='lat' dir='ltr'>dictam</span> <span class='ocrx_word' id='word_1_138' title='bbox 1681 2089 1859 2154; x_wconf 84' lang='lat' dir='ltr'>molituram</span> 
     </span>
     <span class='ocr_line' id='line_1_15' title="bbox 469 2195 1860 2285; baseline -0.004 -18"><span class='ocrx_word' id='word_1_139' title='bbox 469 2201 562 2267; x_wconf 88' lang='lat' dir='ltr'>unius</span> <span class='ocrx_word' id='word_1_140' title='bbox 581 2201 704 2267; x_wconf 90' lang='lat' dir='ltr'>cranoci</span> <span class='ocrx_word' id='word_1_141' title='bbox 717 2199 868 2265; x_wconf 87' lang='lat' dir='ltr'>frumenti</span> <span class='ocrx_word' id='word_1_142' title='bbox 882 2210 914 2264; x_wconf 90' lang='lat' dir='ltr'>ct</span> <span class='ocrx_word' id='word_1_143' title='bbox 928 2197 1021 2264; x_wconf 91' lang='lat' dir='ltr'>unius</span> <span class='ocrx_word' id='word_1_144' title='bbox 1035 2197 1135 2264; x_wconf 86' lang='lat' dir='ltr'>brasei</span> <span class='ocrx_word' id='word_1_145' title='bbox 1150 2220 1206 2284; x_wconf 91' lang='lat' dir='ltr'>per</span> <span class='ocrx_word' id='word_1_146' title='bbox 1220 2195 1392 2282; x_wconf 89' lang='lat' dir='ltr'>quamlibet</span> <span class='ocrx_word' id='word_1_147' title='bbox 1411 2197 1615 2285; x_wconf 87' lang='lat' dir='ltr'>septimanam</span> <span class='ocrx_word' id='word_1_148' title='bbox 1633 2210 1670 2263; x_wconf 91' lang='lat' dir='ltr'>ut</span> <span class='ocrx_word' id='word_1_149' title='bbox 1684 2197 1860 2285; x_wconf 91' lang='lat' dir='ltr'>predictum</span> 
     </span>
     <span class='ocr_line' id='line_1_16' title="bbox 469 2302 1858 2392; baseline -0.002 -20"><span class='ocrx_word' id='word_1_150' title='bbox 469 2320 515 2372; x_wconf 88' lang='lat' dir='ltr'>est</span> <span class='ocrx_word' id='word_1_151' title='bbox 529 2305 614 2372; x_wconf 87' lang='lat' dir='ltr'>dicto</span> <span class='ocrx_word' id='word_1_152' title='bbox 625 2307 763 2372; x_wconf 87' lang='lat' dir='ltr'>Robcrto</span> <span class='ocrx_word' id='word_1_153' title='bbox 774 2305 940 2371; x_wconf 88' lang='lat' dir='ltr'>heredibus</span> <span class='ocrx_word' id='word_1_154' title='bbox 952 2304 1014 2370; x_wconf 91' lang='lat' dir='ltr'>suis</span> <span class='ocrx_word' id='word_1_155' title='bbox 1028 2303 1080 2369; x_wconf 84' lang='lat' dir='ltr'>rel</span> <span class='ocrx_word' id='word_1_156' title='bbox 1095 2303 1256 2392; x_wconf 87' lang='lat' dir='ltr'>assignetis</span> <span class='ocrx_word' id='word_1_157' title='bbox 1270 2302 1303 2367; x_wconf 91' lang='lat' dir='ltr'>in</span> <span class='ocrx_word' id='word_1_158' title='bbox 1318 2315 1506 2392; x_wconf 88' lang='lat' dir='ltr'>perpetuum</span> <span class='ocrx_word' id='word_1_159' title='bbox 1519 2303 1681 2370; x_wconf 87' lang='lat' dir='ltr'>invenient</span> <span class='ocrx_word' id='word_1_160' title='bbox 1696 2316 1727 2369; x_wconf 87' lang='lat' dir='ltr'>et</span> <span class='ocrx_word' id='word_1_161' title='bbox 1741 2327 1858 2369; x_wconf 83' lang='lat' dir='ltr'>waran-</span> 
     </span>
     <span class='ocr_line' id='line_1_17' title="bbox 468 2409 1858 2501; baseline -0.001 -24"><span class='ocrx_word' id='word_1_162' title='bbox 468 2412 617 2478; x_wconf 85' lang='lat' dir='ltr'>tizabunt.</span> <span class='ocrx_word' id='word_1_163' title='bbox 662 2413 701 2480; x_wconf 92' lang='lat' dir='ltr'>In</span> <span class='ocrx_word' id='word_1_164' title='bbox 724 2413 814 2500; x_wconf 88' lang='lat' dir='ltr'>cujus</span> <span class='ocrx_word' id='word_1_165' title='bbox 836 2413 883 2478; x_wconf 89' lang='lat' dir='ltr'>rei</span> <span class='ocrx_word' id='word_1_166' title='bbox 902 2411 1116 2479; x_wconf 87' lang='lat' dir='ltr'>testimonium</span> <span class='ocrx_word' id='word_1_167' title='bbox 1136 2410 1272 2498; x_wconf 89' lang='lat' dir='ltr'>presenti</span> <span class='ocrx_word' id='word_1_168' title='bbox 1295 2409 1410 2499; x_wconf 83' lang='lat' dir='ltr'>scripto</span> <span class='ocrx_word' id='word_1_169' title='bbox 1424 2409 1575 2498; x_wconf 78' lang='lat' dir='ltr'>bipartito</span> <span class='ocrx_word' id='word_1_170' title='bbox 1598 2410 1700 2501; x_wconf 82' lang='lat' dir='ltr'>sigilla</span> <span class='ocrx_word' id='word_1_171' title='bbox 1718 2409 1858 2500; x_wconf 91' lang='lat' dir='ltr'>parcium</span> 
     </span>
     <span class='ocr_line' id='line_1_18' title="bbox 470 2518 1559 2609; baseline -0.002 -23"><span class='ocrx_word' id='word_1_172' title='bbox 470 2521 644 2587; x_wconf 85' lang='lat' dir='ltr'>alternatim</span> <span class='ocrx_word' id='word_1_173' title='bbox 659 2535 732 2588; x_wconf 90' lang='lat' dir='ltr'>sunt</span> <span class='ocrx_word' id='word_1_174' title='bbox 746 2521 894 2609; x_wconf 90' lang='lat' dir='ltr'>apposita.</span> <span class='ocrx_word' id='word_1_175' title='bbox 938 2521 1058 2586; x_wconf 91' lang='lat' dir='ltr'>Datum</span> <span class='ocrx_word' id='word_1_176' title='bbox 1070 2518 1193 2585; x_wconf 92' lang='lat' dir='ltr'>Dublin</span> <span class='ocrx_word' id='word_1_177' title='bbox 1204 2518 1255 2584; x_wconf 92' lang='lat' dir='ltr'>die</span> <span class='ocrx_word' id='word_1_178' title='bbox 1269 2531 1302 2584; x_wconf 86' lang='lat' dir='ltr'>et</span> <span class='ocrx_word' id='word_1_179' title='bbox 1316 2543 1398 2585; x_wconf 90' lang='lat' dir='ltr'>anno</span> <span class='ocrx_word' id='word_1_180' title='bbox 1412 2530 1559 2607; x_wconf 85' lang='lat' dir='ltr'>utsupra</span> 
     </span>
    </p>
   </div>
   <div class='ocr_carea' id='block_1_3' title="bbox 1072 2865 1256 2938">
    <p class='ocr_par' dir='ltr' id='par_1_5' title="bbox 1072 2865 1256 2938">
     <span class='ocr_line' id='line_1_19' title="bbox 1072 2865 1256 2938; baseline 0 0"><span class='ocrx_word' id='word_1_181' title='bbox 1072 2865 1256 2938; x_wconf 83' lang='lat' dir='ltr'>LXXIX.</span> 
     </span>
    </p>
   </div>
   <div class='ocr_carea' id='block_1_4' title="bbox 537 3049 1860 3334">
    <p class='ocr_par' dir='ltr' id='par_1_6' title="bbox 537 3049 1860 3334">
     <span class='ocr_line' id='line_1_20' title="bbox 799 3049 1528 3143; baseline -0.008 -14"><span class='ocrx_word' id='word_1_182' title='bbox 799 3055 858 3129; x_wconf 68' lang='grc' dir='ltr'>Ιι</span> <span class='ocrx_word' id='word_1_183' title='bbox 875 3065 955 3126; x_wconf 72' lang='lat' dir='ltr'>tetra</span> <span class='ocrx_word' id='word_1_184' title='bbox 973 3055 1007 3126; x_wconf 81' lang='lat' dir='ltr'>tt</span> <span class='ocrx_word' id='word_1_185' title='bbox 1024 3050 1215 3140; x_wconf 52' lang='lat' dir='ltr'>&amp;elnotus</span> <span class='ocrx_word' id='word_1_186' title='bbox 1233 3055 1320 3143; x_wconf 76' lang='lat' dir='ltr'>turta</span> <span class='ocrx_word' id='word_1_187' title='bbox 1338 3049 1528 3142; x_wconf 61' lang='lat' dir='ltr'>&amp;plantata</span> 
     </span>
     <span class='ocr_line' id='line_1_21' title="bbox 537 3239 1860 3334; baseline -0.006 -21"><span class='ocrx_word' id='word_1_188' title='bbox 537 3246 631 3314; x_wconf 78' lang='lat' dir='ltr'>(liant</span> <span class='ocrx_word' id='word_1_189' title='bbox 644 3254 801 3334; x_wconf 88' lang='lat' dir='ltr'>presentes</span> <span class='ocrx_word' id='word_1_190' title='bbox 815 3256 847 3309; x_wconf 92' lang='lat' dir='ltr'>et</span> <span class='ocrx_word' id='word_1_191' title='bbox 861 3243 958 3308; x_wconf 81' lang='lat' dir='ltr'>futuri</span> <span class='ocrx_word' id='word_1_192' title='bbox 973 3243 1058 3329; x_wconf 92' lang='lat' dir='ltr'>quod</span> <span class='ocrx_word' id='word_1_193' title='bbox 1073 3266 1132 3332; x_wconf 88' lang='lat' dir='ltr'>ego</span> <span class='ocrx_word' id='word_1_194' title='bbox 1147 3240 1282 3309; x_wconf 84' lang='lat' dir='ltr'>Glaricia</span> <span class='ocrx_word' id='word_1_195' title='bbox 1294 3240 1361 3307; x_wconf 87' lang='lat' dir='ltr'>filia</span> <span class='ocrx_word' id='word_1_196' title='bbox 1374 3239 1511 3308; x_wconf 85' lang='lat' dir='ltr'>Gilberti</span> <span class='ocrx_word' id='word_1_197' title='bbox 1525 3239 1584 3305; x_wconf 90' lang='lat' dir='ltr'>filii</span> <span class='ocrx_word' id='word_1_198' title='bbox 1599 3239 1725 3306; x_wconf 78' lang='lat' dir='ltr'>Grriffini</span> <span class='ocrx_word' id='word_1_199' title='bbox 1740 3239 1813 3308; x_wconf 90' lang='lat' dir='ltr'>dedi</span> <span class='ocrx_word' id='word_1_200' title='bbox 1826 3251 1860 3306; x_wconf 89' lang='lat' dir='ltr'>et</span> 
     </span>
    </p>
   </div>
   <div class='ocr_carea' id='block_1_5' title="bbox 470 3346 1861 4485">
    <p class='ocr_par' dir='ltr' id='par_1_7' title="bbox 470 3346 1861 4485">
     <span class='ocr_line' id='line_1_22' title="bbox 557 3346 1859 3434; baseline -0.002 -17"><span class='ocrx_word' id='word_1_201' title='bbox 557 3347 694 3417; x_wconf 84' lang='lat' dir='ltr'>concessi</span> <span class='ocrx_word' id='word_1_202' title='bbox 705 3360 737 3413; x_wconf 91' lang='lat' dir='ltr'>et</span> <span class='ocrx_word' id='word_1_203' title='bbox 750 3347 809 3412; x_wconf 84' lang='lat' dir='ltr'>hac</span> <span class='ocrx_word' id='word_1_204' title='bbox 820 3346 957 3434; x_wconf 88' lang='lat' dir='ltr'>presenti</span> <span class='ocrx_word' id='word_1_205' title='bbox 971 3359 1056 3413; x_wconf 83' lang='lat' dir='ltr'>carta</span> <span class='ocrx_word' id='word_1_206' title='bbox 1069 3371 1140 3413; x_wconf 87' lang='lat' dir='ltr'>mea</span> <span class='ocrx_word' id='word_1_207' title='bbox 1153 3347 1335 3414; x_wconf 86' lang='lat' dir='ltr'>confirmavi</span> <span class='ocrx_word' id='word_1_208' title='bbox 1347 3347 1417 3414; x_wconf 91' lang='lat' dir='ltr'>Deo</span> <span class='ocrx_word' id='word_1_209' title='bbox 1431 3359 1464 3414; x_wconf 87' lang='lat' dir='ltr'>et</span> <span class='ocrx_word' id='word_1_210' title='bbox 1478 3347 1586 3413; x_wconf 92' lang='lat' dir='ltr'>domui</span> <span class='ocrx_word' id='word_1_211' title='bbox 1598 3347 1751 3414; x_wconf 89' lang='lat' dir='ltr'>Omnium</span> <span class='ocrx_word' id='word_1_212' title='bbox 1763 3348 1859 3414; x_wconf 88' lang='lat' dir='ltr'>Sanc·</span> 
     </span>
     <span class='ocr_line' id='line_1_23' title="bbox 470 3449 1858 3541; baseline -0.001 -18"><span class='ocrx_word' id='word_1_213' title='bbox 470 3471 574 3522; x_wconf 84' lang='lat' dir='ltr'>torum</span> <span class='ocrx_word' id='word_1_214' title='bbox 585 3452 707 3518; x_wconf 92' lang='lat' dir='ltr'>Dublin</span> <span class='ocrx_word' id='word_1_215' title='bbox 722 3463 754 3517; x_wconf 86' lang='lat' dir='ltr'>et</span> <span class='ocrx_word' id='word_1_216' title='bbox 767 3449 924 3517; x_wconf 88' lang='lat' dir='ltr'>canonicis</span> <span class='ocrx_word' id='word_1_217' title='bbox 935 3450 1054 3518; x_wconf 90' lang='lat' dir='ltr'>ibidem</span> <span class='ocrx_word' id='word_1_218' title='bbox 1063 3451 1133 3518; x_wconf 89' lang='lat' dir='ltr'>Deo</span> <span class='ocrx_word' id='word_1_219' title='bbox 1148 3451 1354 3520; x_wconf 86' lang='lat' dir='ltr'>servientibus</span> <span class='ocrx_word' id='word_1_220' title='bbox 1367 3491 1374 3505; x_wconf 93' lang='lat'><strong>·</strong></span> <span class='ocrx_word' id='word_1_221' title='bbox 1387 3475 1444 3541; x_wconf 92' lang='lat' dir='ltr'>pro</span> <span class='ocrx_word' id='word_1_222' title='bbox 1458 3452 1557 3518; x_wconf 84' lang='lat' dir='ltr'>salute</span> <span class='ocrx_word' id='word_1_223' title='bbox 1572 3453 1675 3520; x_wconf 90' lang='lat' dir='ltr'>anime</span> <span class='ocrx_word' id='word_1_224' title='bbox 1689 3478 1758 3520; x_wconf 88' lang='lat' dir='ltr'>mee</span> <span class='ocrx_word' id='word_1_225' title='bbox 1773 3467 1858 3521; x_wconf 84' lang='lat' dir='ltr'>ente-</span> 
     </span>
     <span class='ocr_line' id='line_1_24' title="bbox 471 3556 1860 3628; baseline -0.002 0"><span class='ocrx_word' id='word_1_226' title='bbox 471 3584 626 3628; x_wconf 90' lang='lat' dir='ltr'>cessorum</span> <span class='ocrx_word' id='word_1_227' title='bbox 640 3570 672 3624; x_wconf 89' lang='lat' dir='ltr'>et</span> <span class='ocrx_word' id='word_1_228' title='bbox 686 3580 896 3624; x_wconf 88' lang='lat' dir='ltr'>successorum</span> <span class='ocrx_word' id='word_1_229' title='bbox 910 3580 1052 3622; x_wconf 89' lang='lat' dir='ltr'>meorum</span> <span class='ocrx_word' id='word_1_230' title='bbox 1065 3556 1100 3621; x_wconf 93' lang='lat' dir='ltr'>in</span> <span class='ocrx_word' id='word_1_231' title='bbox 1119 3556 1250 3624; x_wconf 91' lang='lat' dir='ltr'>liberam</span> <span class='ocrx_word' id='word_1_232' title='bbox 1273 3558 1473 3624; x_wconf 85' lang='lat' dir='ltr'>elemosinam</span> <span class='ocrx_word' id='word_1_233' title='bbox 1487 3558 1651 3625; x_wconf 84' lang='lat' dir='ltr'>dimidiam</span> <span class='ocrx_word' id='word_1_234' title='bbox 1669 3573 1860 3626; x_wconf 86' lang='lat' dir='ltr'>carrucatam</span> 
     </span>
     <span class='ocr_line' id='line_1_25' title="bbox 471 3663 1859 3754; baseline -0.003 -18"><span class='ocrx_word' id='word_1_235' title='bbox 471 3683 552 3736; x_wconf 89' lang='lat' dir='ltr'>terre</span> <span class='ocrx_word' id='word_1_236' title='bbox 574 3690 643 3734; x_wconf 90' lang='lat' dir='ltr'>mee</span> <span class='ocrx_word' id='word_1_237' title='bbox 666 3689 739 3733; x_wconf 92' lang='lat' dir='ltr'>cum</span> <span class='ocrx_word' id='word_1_238' title='bbox 761 3665 824 3731; x_wconf 92' lang='lat' dir='ltr'>suis</span> <span class='ocrx_word' id='word_1_239' title='bbox 843 3663 1045 3753; x_wconf 88' lang='lat' dir='ltr'>pertinenciis</span> <span class='ocrx_word' id='word_1_240' title='bbox 1068 3665 1107 3730; x_wconf 91' lang='lat' dir='ltr'>de</span> <span class='ocrx_word' id='word_1_241' title='bbox 1127 3677 1209 3731; x_wconf 86' lang='lat' dir='ltr'>terra</span> <span class='ocrx_word' id='word_1_242' title='bbox 1227 3665 1336 3731; x_wconf 85' lang='lat' dir='ltr'>arabili</span> <span class='ocrx_word' id='word_1_243' title='bbox 1350 3665 1384 3730; x_wconf 90' lang='lat' dir='ltr'>in</span> <span class='ocrx_word' id='word_1_244' title='bbox 1399 3663 1573 3754; x_wconf 80' lang='lat' dir='ltr'>Balyofryn</span> <span class='ocrx_word' id='word_1_245' title='bbox 1589 3702 1596 3717; x_wconf 92' lang='lat'><strong>·</strong></span> <span class='ocrx_word' id='word_1_246' title='bbox 1611 3665 1760 3732; x_wconf 86' lang='lat' dir='ltr'>videlicet</span> <span class='ocrx_word' id='word_1_247' title='bbox 1773 3665 1859 3731; x_wconf 84' lang='lat' dir='ltr'>illam</span> 
     </span>
     <span class='ocr_line' id='line_1_26' title="bbox 470 3769 1859 3858; baseline -0.001 -18"><span class='ocrx_word' id='word_1_248' title='bbox 470 3787 583 3840; x_wconf 86' lang='lat' dir='ltr'>terram</span> <span class='ocrx_word' id='word_1_249' title='bbox 606 3796 667 3857; x_wconf 92' lang='lat' dir='ltr'>que</span> <span class='ocrx_word' id='word_1_250' title='bbox 685 3770 771 3857; x_wconf 86' lang='lat' dir='ltr'>jacet</span> <span class='ocrx_word' id='word_1_251' title='bbox 788 3769 823 3835; x_wconf 91' lang='lat' dir='ltr'>in</span> <span class='ocrx_word' id='word_1_252' title='bbox 846 3769 1013 3835; x_wconf 85' lang='lat' dir='ltr'>latitudine</span> <span class='ocrx_word' id='word_1_253' title='bbox 1035 3769 1242 3858; x_wconf 90' lang='lat' dir='ltr'>propinquius</span> <span class='ocrx_word' id='word_1_254' title='bbox 1265 3783 1345 3836; x_wconf 86' lang='lat' dir='ltr'>terre</span> <span class='ocrx_word' id='word_1_255' title='bbox 1365 3769 1486 3835; x_wconf 90' lang='lat' dir='ltr'>domini</span> <span class='ocrx_word' id='word_1_256' title='bbox 1505 3771 1527 3836; x_wconf 90' lang='lat' dir='ltr'><strong>J</strong></span> <span class='ocrx_word' id='word_1_257' title='bbox 1528 3770 1659 3837; x_wconf 89' lang='lat' dir='ltr'>ohannis</span> <span class='ocrx_word' id='word_1_258' title='bbox 1679 3773 1800 3839; x_wconf 88' lang='lat' dir='ltr'>Harold</span> <span class='ocrx_word' id='word_1_259' title='bbox 1819 3772 1859 3840; x_wconf 90' lang='lat' dir='ltr'>de</span> 
     </span>
     <span class='ocr_line' id='line_1_27' title="bbox 472 3875 1859 3969; baseline 0.001 -24"><span class='ocrx_word' id='word_1_260' title='bbox 472 3879 685 3969; x_wconf 83' lang='lat' dir='ltr'>Kylgabanyn</span> <span class='ocrx_word' id='word_1_261' title='bbox 699 3901 741 3942; x_wconf 89' lang='lat' dir='ltr'>ex</span> <span class='ocrx_word' id='word_1_262' title='bbox 755 3901 819 3943; x_wconf 88' lang='lat' dir='ltr'>una</span> <span class='ocrx_word' id='word_1_263' title='bbox 832 3889 920 3965; x_wconf 84' lang='lat' dir='ltr'>parte</span> <span class='ocrx_word' id='word_1_264' title='bbox 934 3889 966 3942; x_wconf 91' lang='lat' dir='ltr'>et</span> <span class='ocrx_word' id='word_1_265' title='bbox 981 3889 1060 3942; x_wconf 86' lang='lat' dir='ltr'>terre</span> <span class='ocrx_word' id='word_1_266' title='bbox 1071 3877 1093 3942; x_wconf 90' lang='lat' dir='ltr'><strong>J</strong></span> <span class='ocrx_word' id='word_1_267' title='bbox 1094 3899 1177 3943; x_wconf 87' lang='lat' dir='ltr'>ames</span> <span class='ocrx_word' id='word_1_268' title='bbox 1187 3875 1246 3942; x_wconf 90' lang='lat' dir='ltr'>filii</span> <span class='ocrx_word' id='word_1_269' title='bbox 1257 3875 1390 3943; x_wconf 90' lang='lat' dir='ltr'>Henrici</span> <span class='ocrx_word' id='word_1_270' title='bbox 1402 3877 1441 3943; x_wconf 89' lang='lat' dir='ltr'>de</span> <span class='ocrx_word' id='word_1_271' title='bbox 1453 3876 1573 3944; x_wconf 85' lang='lat' dir='ltr'>Gemet</span> <span class='ocrx_word' id='word_1_272' title='bbox 1586 3903 1629 3944; x_wconf 85' lang='lat' dir='ltr'>ex</span> <span class='ocrx_word' id='word_1_273' title='bbox 1644 3879 1740 3945; x_wconf 86' lang='lat' dir='ltr'>altera</span> <span class='ocrx_word' id='word_1_274' title='bbox 1753 3893 1859 3968; x_wconf 85' lang='lat' dir='ltr'>parte·</span> 
     </span>
     <span class='ocr_line' id='line_1_28' title="bbox 471 3982 1860 4073; baseline 0.005 -22"><span class='ocrx_word' id='word_1_275' title='bbox 471 3986 505 4051; x_wconf 91' lang='lat' dir='ltr'>in</span> <span class='ocrx_word' id='word_1_276' title='bbox 520 3982 716 4073; x_wconf 87' lang='lat' dir='ltr'>longitudine</span> <span class='ocrx_word' id='word_1_277' title='bbox 731 4005 805 4048; x_wconf 88' lang='lat' dir='ltr'>vero</span> <span class='ocrx_word' id='word_1_278' title='bbox 828 4007 846 4048; x_wconf 86' lang='lat' dir='ltr'>a</span> <span class='ocrx_word' id='word_1_279' title='bbox 864 3983 945 4070; x_wconf 88' lang='lat' dir='ltr'>pede</span> <span class='ocrx_word' id='word_1_280' title='bbox 965 3995 1112 4049; x_wconf 88' lang='lat' dir='ltr'>montane</span> <span class='ocrx_word' id='word_1_281' title='bbox 1133 3983 1364 4072; x_wconf 90' lang='lat' dir='ltr'>propinquioris</span> <span class='ocrx_word' id='word_1_282' title='bbox 1384 3996 1464 4052; x_wconf 88' lang='lat' dir='ltr'>terre</span> <span class='ocrx_word' id='word_1_283' title='bbox 1479 3985 1556 4053; x_wconf 91' lang='lat' dir='ltr'>dicti</span> <span class='ocrx_word' id='word_1_284' title='bbox 1571 3987 1692 4053; x_wconf 91' lang='lat' dir='ltr'>domini</span> <span class='ocrx_word' id='word_1_285' title='bbox 1706 3989 1860 4058; x_wconf 89' lang='lat' dir='ltr'>Johannis</span> 
     </span>
     <span class='ocr_line' id='line_1_29' title="bbox 471 4089 1860 4179; baseline 0.005 -23"><span class='ocrx_word' id='word_1_286' title='bbox 471 4113 569 4178; x_wconf 91' lang='lat' dir='ltr'>usque</span> <span class='ocrx_word' id='word_1_287' title='bbox 589 4089 629 4156; x_wconf 92' lang='lat' dir='ltr'>ad</span> <span class='ocrx_word' id='word_1_288' title='bbox 643 4113 767 4155; x_wconf 89' lang='lat' dir='ltr'>cursum</span> <span class='ocrx_word' id='word_1_289' title='bbox 790 4113 869 4176; x_wconf 86' lang='lat' dir='ltr'>eque</span> <span class='ocrx_word' id='word_1_290' title='bbox 892 4089 1043 4156; x_wconf 86' lang='lat' dir='ltr'>currentis</span> <span class='ocrx_word' id='word_1_291' title='bbox 1057 4089 1140 4157; x_wconf 85' lang='lat' dir='ltr'>inter</span> <span class='ocrx_word' id='word_1_292' title='bbox 1153 4104 1267 4158; x_wconf 84' lang='lat' dir='ltr'>terram</span> <span class='ocrx_word' id='word_1_293' title='bbox 1281 4091 1421 4179; x_wconf 89' lang='lat' dir='ltr'>ejusdem</span> <span class='ocrx_word' id='word_1_294' title='bbox 1436 4093 1556 4158; x_wconf 93' lang='lat' dir='ltr'>domini</span> <span class='ocrx_word' id='word_1_295' title='bbox 1570 4095 1724 4160; x_wconf 87' lang='lat' dir='ltr'>Johannis</span> <span class='ocrx_word' id='word_1_296' title='bbox 1738 4094 1860 4164; x_wconf 88' lang='lat' dir='ltr'>Harold</span> 
     </span>
     <span class='ocr_line' id='line_1_30' title="bbox 472 4197 1861 4289; baseline 0.004 -24"><span class='ocrx_word' id='word_1_297' title='bbox 472 4212 504 4266; x_wconf 91' lang='lat' dir='ltr'>et</span> <span class='ocrx_word' id='word_1_298' title='bbox 532 4198 675 4265; x_wconf 89' lang='lat' dir='ltr'>eamdem</span> <span class='ocrx_word' id='word_1_299' title='bbox 699 4209 812 4263; x_wconf 84' lang='lat' dir='ltr'>terram</span> <span class='ocrx_word' id='word_1_300' title='bbox 841 4197 1062 4264; x_wconf 87' lang='lat' dir='ltr'>canonicorum</span> <span class='ocrx_word' id='word_1_301' title='bbox 1089 4222 1161 4265; x_wconf 88' lang='lat' dir='ltr'>cum</span> <span class='ocrx_word' id='word_1_302' title='bbox 1190 4211 1256 4266; x_wconf 87' lang='lat' dir='ltr'>tota</span> <span class='ocrx_word' id='word_1_303' title='bbox 1284 4200 1444 4266; x_wconf 91' lang='lat' dir='ltr'>communi</span> <span class='ocrx_word' id='word_1_304' title='bbox 1473 4215 1598 4289; x_wconf 86' lang='lat' dir='ltr'>pastura</span> <span class='ocrx_word' id='word_1_305' title='bbox 1624 4215 1861 4270; x_wconf 85' lang='lat' dir='ltr'>montanearum</span> 
     </span>
     <span class='ocr_line' id='line_1_31' title="bbox 470 4301 1859 4396; baseline 0.004 -26"><span class='ocrx_word' id='word_1_306' title='bbox 470 4303 700 4392; x_wconf 88' lang='lat' dir='ltr'>pertinencium</span> <span class='ocrx_word' id='word_1_307' title='bbox 715 4301 754 4369; x_wconf 87' lang='lat' dir='ltr'>ed</span> <span class='ocrx_word' id='word_1_308' title='bbox 768 4301 943 4392; x_wconf 83' lang='lat' dir='ltr'>Balyolryn</span> <span class='ocrx_word' id='word_1_309' title='bbox 957 4302 1114 4371; x_wconf 88' lang='lat' dir='ltr'>adomnia</span> <span class='ocrx_word' id='word_1_310' title='bbox 1127 4329 1242 4393; x_wconf 86' lang='lat' dir='ltr'>genera</span> <span class='ocrx_word' id='word_1_311' title='bbox 1256 4305 1439 4373; x_wconf 89' lang='lat' dir='ltr'>animalium</span> <span class='ocrx_word' id='word_1_312' title='bbox 1454 4318 1608 4395; x_wconf 88' lang='lat' dir='ltr'>quotquot</span> <span class='ocrx_word' id='word_1_313' title='bbox 1622 4331 1737 4396; x_wconf 88' lang='lat' dir='ltr'>ponere</span> <span class='ocrx_word' id='word_1_314' title='bbox 1751 4307 1859 4376; x_wconf 87' lang='lat' dir='ltr'>volue-</span> 
     </span>
     <span class='ocr_line' id='line_1_32' title="bbox 472 4419 543 4485; baseline 0 -1"><span class='ocrx_word' id='word_1_315' title='bbox 472 4419 543 4485; x_wconf 88' lang='lat' dir='ltr'>rint.</span> 
     </span>
    </p>
   </div>
   <div class='ocr_carea' id='block_1_6' title="bbox 1673 4523 1857 4593">
    <p class='ocr_par' dir='ltr' id='par_1_8' title="bbox 1673 4523 1857 4593">
     <span class='ocr_line' id='line_1_33' title="bbox 1673 4523 1857 4593; baseline 0 -1"><span class='ocrx_word' id='word_1_316' title='bbox 1673 4523 1857 4593; x_wconf 72' lang='lat' dir='ltr'>Tenendum</span> 
     </span>
    </p>
   </div>
   <div class='ocr_carea' id='block_1_7' title="bbox 0 0 2148 5412">
    <p class='ocr_par' dir='ltr' id='par_1_9' title="bbox 0 0 2148 5412">
     <span class='ocr_line' id='line_1_34' title="bbox 0 0 2148 5412; baseline 0 0"><span class='ocrx_word' id='word_1_317' title='bbox 0 0 2148 5412; x_wconf 95' lang='lat' dir='ltr'> </span> 
     </span>
    </p>
   </div>
  </div>
 </body>
</html>
