4306 5414
1139 677 1206 726 102

473 838 508 902 in
522 837 645 924 judicio
665 836 867 924 personaliter
885 834 1148 924 comparentibus,
1167 834 1229 900 viz.
1251 834 1336 902 lecta
1353 835 1552 924 suggestione
1566 835 1601 900 in
1616 836 1701 902 dicto
1719 834 1867 901 tuicionrs

472 943 600 1032 negotio
613 944 695 1011 facta
710 981 718 996 ·
733 969 806 1011 cum
821 941 1016 1032 propositum
1030 941 1140 1007 fuisset
1158 941 1284 1008 eosdem
1298 942 1440 1010 Priorem
1455 956 1488 1010 et
1506 957 1697 1010 conventum
1711 967 1754 1009 ex
1768 943 1868 1010 musis

473 1051 508 1114 in
523 1051 632 1116 eadem
647 1049 847 1138 suggestione
870 1047 1025 1115 contentis
1045 1047 1084 1114 ad
1105 1047 1212 1114 sedem
1234 1047 1436 1135 apostolicam
1451 1050 1539 1116 etad
1559 1049 1729 1116 tuicionem
1743 1073 1798 1115 sue
1813 1071 1866 1137 ap-

474 1153 656 1242 pellacionis
679 1156 785 1221 sedem
808 1153 931 1221 Dublin
954 1167 1142 1220 memoratus
1158 1154 1319 1221 Iohannes
1334 1156 1460 1222 eosdem
1475 1156 1615 1222 Priorem
1630 1169 1664 1222 et
1677 1171 1867 1222 conventum

473 1284 516 1325 ex
542 1261 642 1326 causis
665 1262 821 1349 premissis
845 1274 882 1327 nt
905 1261 1091 1350 premissum
1114 1274 1161 1328 est
1184 1261 1353 1350 appellasse
1373 1263 1530 1330 confessus
1552 1262 1613 1328 fuit
1632 1287 1736 1328 coram
1757 1262 1868 1328 eodem

474 1367 599 1434 officiali
613 1368 648 1434 iu
658 1370 731 1455 jure
741 1369 839 1436 nichil
850 1393 1027 1457 proponens
1038 1394 1133 1456 quare
1144 1369 1227 1456 ipsos
1236 1369 1379 1435 Priorem
1393 1383 1426 1436 et
1439 1383 1631 1437 conventum
1642 1368 1724 1434 tueri
1738 1369 1868 1434 minime

475 1474 611 1540 deberet.
656 1475 734 1542 Ideo
755 1498 829 1542 vero
851 1475 992 1542 officialis
1015 1512 1023 1527 ·
1045 1475 1086 1541 de
1107 1475 1247 1540 virorum
1265 1476 1470 1564 prudentium
1485 1489 1518 1542 et
1527 1475 1608 1562 juris
1622 1475 1793 1565 peritorum
1808 1475 1868 1540 sibi

474 1582 676 1648 assidentium
687 1583 817 1649 consilio
830 1622 837 1635 ·
850 1581 1023 1671 sepedictos
1028 1581 1170 1648 Priorem
1182 1595 1215 1647 et
1225 1594 1416 1648 conventum
1428 1582 1649 1671 pronunciavit
1658 1581 1724 1647 fore
1736 1581 1869 1647 tuendos

474 1691 508 1754 in
532 1714 587 1764 sua
612 1690 824 1778 appellscionc
850 1714 1012 1778 quousque
1030 1713 1123 1778 snper
1141 1714 1178 1755 es
1192 1687 1279 1776 lapso
1301 1713 1383 1756 anuo
1406 1728 1412 1741 ·
1433 1688 1522 1754 nullo
1544 1686 1771 1776 impedimento
1789 1685 1868 1773 legi·

475 1794 553 1860 timo
576 1795 779 1885 contingente
806 1835 813 1851 ·
840 1821 859 1863 a
882 1797 934 1864 die
954 1797 1101 1864 tuicionis
1122 1819 1267 1864 concesse
1291 1833 1298 1849 ·
1325 1799 1509 1864 auctoritate
1535 1795 1618 1862 dicte
1648 1793 1744 1860 Curis
1766 1792 1869 1860 effica—

475 1900 553 1965 citer
563 1914 696 1968 execute
709 1942 716 1955 ·
731 1927 802 1991 pars
816 1903 972 1992 appellata
980 1927 999 1970 s
1007 1903 1127 1992 prefata
1140 1903 1227 1970 curia
1240 1903 1426 1969 dimittatur.
1442 1902 1656 1984 Quamobrem
1666 1897 1868 1988 precipiendo

476 2008 622 2076 destricte
636 2007 819 2074 mandamus
834 2020 987 2094 quatenus
1004 2045 1010 2059 ·
1027 2005 1185 2095 pendente
1202 2007 1384 2093 hujusmodi
1399 2006 1612 2096 appellacione
1629 2043 1637 2058 ·
1652 2003 1820 2092 quominus
1829 2004 1869 2069 li-

475 2117 582 2180 beram
590 2115 704 2181 habeat
713 2114 896 2200 hujusmodi
907 2113 1128 2202 appellationis
1137 2114 1346 2202 prosequendi
1355 2114 1535 2180 facultatem
1547 2111 1646 2179 nichil
1654 2110 1870 2199 superricaria

475 2223 616 2313 predicta
625 2259 631 2273 ·
641 2223 736 2290 etiam
751 2224 809 2289 sub
820 2245 902 2310 pena
915 2219 1251 2288 excommunicationis
1264 2259 1271 2272 ·
1284 2233 1436 2288 attentare
1448 2219 1632 2309 presumetis
1644 2241 1806 2305 quousque
1820 2241 1868 2283 re·

475 2330 625 2417 scriptum
647 2351 740 2416 snper
760 2325 974 2415 appellacione
992 2325 1089 2413 priori
1110 2324 1192 2391 infra
1205 2325 1343 2413 primum
1364 2327 1457 2394 fatale
1478 2340 1617 2393 cessante
1637 2325 1870 2414 prorogscionis

476 2433 702 2522 impedimento
715 2429 845 2497 duxerit
858 2428 1092 2518 impetrandum
1107 2440 1138 2493 et
1153 2440 1268 2495 cetera

1101 2757 1250 2834 XVIII.

482 2972 555 3072 [Dr
572 2971 764 3046 causatur
787 2980 940 3043 truamur
957 2988 976 3042 a
993 2969 1091 3060 pttrrr
1108 2981 1137 3041 rt
1154 2972 1304 3042 antarta
1324 2967 1460 3044 Eamus
1478 2967 1647 3042 &matria
1665 2966 1867 3052 §rucuma

655 3095 742 3182 turta
758 3085 923 3185 Bullia]
954 3087 1008 3161 tta
1022 3087 1118 3161 tter:
1136 3085 1209 3178 tul:
1230 3109 1287 3183 33.
1315 3086 1410 3159 aas.
1428 3085 1460 3158 t.
1477 3084 1619 3171 maort.
1643 3110 1696 3158 ιο.

567 3290 698 3358 Mnibus
721 3286 840 3356 Christi
859 3285 1005 3353 fidelibus
1027 3308 1153 3373 presens
1178 3284 1329 3372 scriptum
1352 3281 1464 3348 visuris
1486 3282 1539 3348 vel
1560 3281 1712 3348 audituris
1730 3281 1869 3348 Thomas

589 3402 605 3482 [
922 3400 938 3481 ]
954 3418 1027 3461 cum
1041 3392 1134 3459 Prior
1148 3405 1180 3458 et
1194 3405 1367 3459 conventus
1387 3390 1498 3455 domus
1513 3387 1666 3454 Omnium
1682 3387 1868 3476 Sanctorum

475 3507 571 3591 juxta
585 3503 709 3571 Dubhn
723 3525 780 3590 pro
795 3524 827 3568 se
841 3514 874 3567 et
888 3499 1115 3568 successoribus
1139 3501 1154 3584 [
1523 3501 1537 3582 ]
1561 3496 1769 3563 concesserint
1783 3510 1816 3562 et
1830 3496 1870 3561 ad

479 3613 601 3678 firmam
615 3608 801 3677 tradiderint
814 3607 954 3674 Iohanni
967 3607 1034 3672 filio
1050 3607 1175 3673 Thome
1189 3605 1219 3672 le
1234 3603 1410 3670 Mareschal
1424 3602 1538 3669 clerico
1553 3626 1661 3668 omnes
1674 3603 1754 3685 terr[

736 3721 750 3802 ]
768 3715 920 3804 Kynturk
933 3727 967 3782 et
981 3714 1091 3782 Belese
1105 3738 1179 3782 cum
1197 3713 1261 3780 suis
1281 3710 1483 3800 pertinenciis
1497 3709 1632 3777 tenenda
1646 3709 1687 3775 ad
1700 3708 1870 3775 terminum

480 3847 631 3892 annorum
646 3835 740 3911 prout
753 3821 788 3886 in
803 3821 888 3908 quod
903 3821 919 3903 [
1292 3821 1308 3902 ]
1323 3815 1406 3880 inter
1420 3812 1577 3901 predictos
1590 3811 1734 3879 Priorem
1748 3826 1781 3879 et
1795 3835 1868 3879 con-

478 3942 655 3998 ventumst
669 3929 845 4016 predictum
859 3927 1038 3994 Johannem
1053 3925 1127 3992 inde
1142 3923 1284 3991 confecto
1299 3922 1423 4011 plenius
1439 3924 1454 4005 [
1850 3924 1866 4005 ]

477 4038 638 4105 Iohannes
663 4035 772 4102 eadem
797 4047 893 4101 terras
918 4046 951 4102 et
973 4045 1151 4101 tenemento
1176 4055 1249 4099 cum
1277 4031 1340 4096 suis
1364 4027 1565 4118 pertinenciis
1590 4024 1688 4090 michi
1717 4024 1868 4091 concessit

477 4144 597 4213 dimisit
610 4156 643 4210 et
656 4141 817 4226 tradidit[
1119 4139 1264 4226 ]etjm·e
1279 4161 1335 4204 suo
1350 4136 1436 4222 quod
1449 4131 1714 4201 habuitinfirma
1726 4131 1867 4219 predicta

476 4265 571 4342 prout
586 4272 641 4338 per
655 4247 805 4335 scriptum
820 4245 905 4332 quod
919 4244 999 4310 mihi
1013 4243 1088 4310 inde
1102 4242 1177 4309 iecit
1191 4243 1207 4325 [
1606 4240 1621 4323 ]
1637 4233 1797 4302 Noveritis
1811 4260 1865 4302 sue

476 4354 630 4422 dimisisse
644 4349 829 4419 concessisse
842 4360 876 4415 et
888 4346 1052 4414 tradidisse
1062 4344 1218 4412 Nicholac
1233 4344 1272 4410 de
1284 4343 1445 4410 Balescote
1461 4343 1573 4423 Gros[
1849 4347 1864 4429 ]

476 4460 644 4532 heredibus
662 4471 696 4526 et
717 4453 879 4545 mugnone
897 4453 960 4520 suis
983 4476 1091 4520 omnes
1112 4465 1208 4519 terras
1229 4464 1262 4517 et
1283 4461 1464 4517 tenementa
1484 4447 1625 4536 predicta
1642 4469 1715 4512 cum
1734 4445 1866 4512 edificiis

1718 4549 1865 4617 dominiis
