4306 5414
1131 633 1196 700 108

467 820 572 878 sistant
591 836 663 894 quas
684 815 814 892 ejusdem
835 812 891 871 loci
911 811 1042 871 homines
1060 813 1217 889 utriusque
1231 832 1318 872 sexus
1333 814 1436 874 diebus
1450 816 1601 877 dominicis
1624 829 1655 878 et
1678 821 1789 879 festivis
1810 821 1859 880 de-

467 921 608 978 cimarum
629 914 744 974 nomine
757 923 787 972 et
800 913 869 970 alias
882 911 1118 972 benedicionibus
1139 913 1315 972 nubentium
1333 924 1363 972 et
1378 935 1587 993 puerperarum
1607 919 1861 996 purificacionibus

468 1037 535 1074 cum
549 1015 662 1073 decenti
675 1024 705 1073 et
718 1031 871 1070 numerosa
891 1011 1027 1068 comitiva
1037 1010 1128 1086 juxta
1149 1011 1332 1088 singulorum
1347 1015 1561 1092 beneplacitum
1575 1019 1606 1076 in
1620 1019 1745 1078 ecclesiis
1759 1019 1862 1078 offerre

468 1124 675 1173 consueverant
694 1113 730 1171 de
751 1112 872 1187 antiqua
892 1120 922 1169 et
943 1112 1101 1188 approbata
1122 1121 1152 1170 et
1175 1111 1315 1171 hactenus
1343 1115 1461 1191 pacifice
1481 1118 1632 1176 observata
1652 1121 1862 1179 cousuetudine

469 1214 517 1290 pia
530 1215 684 1274 devocione
696 1212 828 1270 fidelium
840 1211 1016 1280 introducta
1031 1213 1128 1288 Major
1142 1223 1238 1272 tamen
1248 1224 1278 1272 et
1288 1217 1364 1275 cives
1375 1217 1488 1275 Dublin
1503 1239 1554 1277 sue
1567 1221 1669 1278 salutis
1682 1221 1862 1281 immemores

471 1333 528 1372 non
555 1314 616 1370 sine
641 1313 784 1370 fermento
809 1310 937 1370 heretice
957 1313 1109 1388 pravitatis
1135 1314 1191 1370 sub
1217 1324 1297 1373 certa
1322 1336 1396 1392 pena
1416 1327 1545 1376 statuere
1565 1332 1805 1398 presumpserunt
1827 1335 1863 1380 ut

470 1412 571 1469 nullus
592 1412 662 1469 civis
687 1411 744 1468 nisi
764 1419 868 1486 quater
888 1411 919 1467 in
937 1430 1012 1468 anno
1033 1421 1182 1487 presumat
1203 1412 1307 1474 offerre
1329 1417 1505 1474 nubentium
1525 1427 1555 1475 et
1573 1437 1783 1496 puerperarum
1796 1441 1861 1499 pre-

471 1515 615 1572 dictarum
629 1511 764 1569 comitiva
778 1529 933 1568 numerum
947 1529 1041 1585 usque
1054 1510 1090 1568 ad
1099 1511 1247 1568 binarium
1259 1513 1467 1590 restringentes
1481 1533 1576 1572 cereos
1589 1517 1676 1574 etiam
1690 1527 1720 1575 et
1732 1519 1863 1579 candelas

473 1633 545 1689 quos
568 1611 611 1668 hii
635 1611 687 1686 qui
707 1629 775 1666 curn
796 1609 950 1667 funeribus
963 1608 1164 1667 decedentium
1179 1611 1359 1687 sepelliendis
1372 1612 1409 1670 ed
1422 1613 1553 1672 ecclesias
1566 1614 1677 1674 deferre
1690 1636 1820 1694 quosque
1833 1621 1864 1678 in

473 1714 604 1789 exequiis
615 1721 645 1770 et
658 1712 861 1769 anniversariis
874 1711 1031 1769 eorundem
1044 1712 1081 1769 ab
1094 1712 1193 1770 amicis
1206 1733 1259 1789 pro
1274 1714 1367 1771 salute
1375 1715 1536 1772 animarum
1546 1714 1747 1775 decedentium
1760 1717 1863 1776 offerre

473 1818 681 1870 consueverant
695 1809 883 1884 reportandos
896 1808 957 1866 fore
970 1807 1007 1865 ad
1020 1827 1120 1866 eorum
1136 1808 1261 1885 hospitia
1280 1808 1472 1868 decreverunt
1490 1810 1604 1870 duobus
1618 1813 1762 1873 duntaxat
1775 1819 1864 1875 cereis

473 1910 589 1968 ecclesie
602 1909 633 1965 in
643 1909 729 1984 cujus
742 1907 886 1966 cimiterio
899 1907 1062 1965 decedentis
1076 1908 1166 1965 funus
1180 1909 1348 1966 tumulatur
1361 1909 1478 1967 relictis.
1500 1911 1637 1972 Publicae
1650 1914 1770 1990 insuper
1782 1917 1863 1992 peni·

475 2009 580 2066 tentius
594 2028 651 2065 non
659 2008 772 2082 judicio
783 2008 899 2066 ecclesie
913 2007 962 2066 sed
971 2008 1094 2066 arbitrio
1105 2028 1205 2066 eorum
1215 2009 1349 2068 artandas
1359 2011 1406 2068 vel
1415 2011 1588 2088 mitigandas
1597 2013 1792 2073 essedicentes
1801 2035 1865 2092 pre-

475 2109 641 2184 sumpcione
654 2107 832 2184 dampnabili
842 2117 1011 2166 statuerunt
1021 2109 1099 2184 quod
1112 2109 1213 2167 nullus
1222 2111 1352 2186 prelatus
1360 2111 1406 2168 vel
1412 2110 1507 2186 judex
1515 2112 1722 2172 ecclesiasticus
1734 2113 1771 2172 de
1780 2134 1864 2172 ussu-

474 2208 550 2265 raria
563 2208 706 2284 pravitate
718 2208 764 2264 vel
778 2207 834 2264 alio
845 2208 947 2283 quovis
955 2209 1075 2266 crimine
1083 2209 1130 2266 vel
1139 2210 1195 2266 alia
1207 2229 1293 2268 causa
1305 2229 1478 2286 quacunque
1487 2230 1656 2287 cognoscere
1665 2211 1759 2269 valeat
1772 2213 1865 2270 causis

475 2305 737 2362 matrimonialibus
748 2313 777 2362 et
787 2305 1011 2362 testamentariis
1022 2313 1118 2362 tamen
1129 2307 1256 2382 exceptis
1267 2306 1402 2383 quodque
1415 2308 1451 2365 de
1463 2309 1546 2366 bonis
1559 2329 1659 2367 eorum
1673 2311 1725 2386 qui
1735 2311 1866 2369 intestati

476 2404 619 2462 decedunt
640 2424 676 2462 ne
696 2405 896 2480 aliquantinus
915 2403 1096 2460 intromittat
1120 2402 1169 2461 sed
1190 2403 1258 2461 fisco
1279 2405 1355 2461 bona
1373 2403 1542 2479 hujusmodi
1560 2407 1743 2483 applicantur
1765 2409 1866 2466 nullus

476 2505 562 2560 etiem
580 2503 651 2560 civis
665 2522 753 2579 super
766 2502 893 2576 aliquam
906 2502 1050 2559 accionem
1064 2499 1254 2578 (spectantem
1274 2501 1311 2559 ed
1330 2503 1427 2559 forum
1448 2503 1684 2581 ecclesiasticum)
1698 2517 1782 2564 extra
1796 2509 1865 2564 civi-

476 2612 564 2661 tatem
575 2603 666 2678 ipsam
677 2602 713 2660 ad
721 2602 868 2676 judicium
880 2600 958 2659 trahi
967 2601 1067 2676 possit.
1092 2601 1189 2658 Multa
1198 2600 1316 2677 quidem
1327 2611 1357 2659 et
1367 2601 1423 2658 alia
1432 2602 1560 2659 enormia
1570 2611 1682 2660 statuta
1694 2602 1865 2679 hujusmodi

476 2703 645 2777 adjecerunt
657 2702 689 2757 in
702 2702 864 2757 animarum
878 2718 998 2756 suarum
1016 2697 1180 2774 periculum
1198 2699 1361 2756 multorum
1382 2699 1548 2756 scandalum
1564 2710 1594 2758 et
1607 2701 1639 2758 in
1649 2703 1866 2761 subvercionem

477 2804 665 2862 ecclesiastice
678 2802 823 2860 libertatis
837 2811 956 2877 propter
970 2800 1048 2875 quod
1059 2800 1156 2857 dictus
1169 2800 1401 2877 archiepiscopus
1414 2801 1446 2857 in
1458 2800 1572 2859 dictum
1585 2802 1725 2876 Majorem
1738 2815 1768 2862 et
1782 2824 1866 2880 quos·

478 2902 543 2961 dam
564 2903 640 2959 cives
661 2901 731 2958 alios
754 2901 926 2958 nominatim
946 2900 1016 2974 quia
1035 2899 1191 2976 diligenter
1204 2901 1240 2957 ab
1254 2919 1287 2958 eo
1300 2899 1404 2957 moniti
1424 2919 1440 2956 a
1459 2900 1678 2976 presumpcione
1696 2900 1866 2976 hujusmodi

477 3003 614 3061 desistere
640 3021 698 3058 non
724 3009 903 3058 curaverunt
924 3000 1230 3057 excommunicationis
1253 3009 1282 3056 et
1305 2999 1337 3057 in
1360 2999 1508 3057 civitatem
1530 2999 1621 3075 ipsam
1645 3000 1784 3058 interdicti
1804 3020 1867 3058 sen-

477 3105 582 3162 tentias
605 3104 740 3179 exigente
748 3102 868 3176 justitia
880 3102 1054 3160 auctoritate
1066 3100 1212 3158 ordinaria
1231 3101 1428 3177 promulgavit
1448 3118 1519 3175 quas
1538 3099 1616 3157 idem
1636 3099 1867 3178 archiepiscopus

478 3213 577 3261 nostro
598 3203 685 3280 petiit
704 3202 866 3259 munimine
885 3201 1023 3259 roborari
1065 3200 1126 3258 Nos
1146 3202 1239 3278 igitur
1258 3221 1460 3278 perversorum
1478 3201 1617 3278 refragari
1637 3203 1788 3260 conatibus
1809 3224 1867 3279 quo

478 3323 631 3381 possumus
645 3302 771 3361 remedio
784 3303 934 3378 cupientes
953 3322 986 3360 ac
1009 3311 1121 3359 statuta
1138 3301 1308 3377 hujusmodi
1328 3311 1431 3379 utpote
1444 3310 1545 3359 eontra
1563 3301 1729 3359 libertatem
1756 3303 1867 3360 ecclesi-

474 3407 596 3478 asticam
616 3406 694 3464 edita
713 3405 863 3462 irritantes
877 3404 995 3462 omnino
1008 3423 1059 3462 seu
1072 3423 1150 3461 cassa
1163 3413 1193 3462 et
1206 3405 1292 3462 irrita
1314 3404 1485 3461 nunciantes
1505 3402 1680 3459 Paternitati
1693 3411 1788 3459 vestre
1811 3420 1868 3477 qua

479 3504 631 3580 fungimur
649 3504 823 3561 auctoritate
842 3502 1012 3561 mandemus
1025 3511 1169 3580 quatenus
1183 3503 1323 3578 Majorem
1337 3511 1366 3563 et
1380 3503 1455 3560 cives
1469 3502 1500 3559 in
1512 3502 1583 3559 locis
1603 3502 1729 3578 publicis
1742 3503 1868 3559 civitatis

479 3610 509 3658 et
521 3602 669 3678 provincie
681 3601 795 3659 Dublin
809 3619 842 3657 ac
860 3601 892 3657 in
912 3600 977 3657 aliis
992 3600 1023 3657 in
1042 3601 1150 3680 quibus
1171 3601 1307 3677 expedire
1319 3599 1441 3657 videatis
1462 3600 1585 3675 singulis
1603 3599 1705 3656 diebus
1718 3599 1869 3657 dominicis

478 3711 508 3758 et
528 3701 640 3758 festivis
666 3699 789 3776 pulsatis
813 3698 958 3775 campanis
982 3698 1106 3755 accensis
1126 3696 1251 3756 candelis
1272 3697 1458 3773 solempniter
1477 3698 1739 3755 excommunicatos
1758 3697 1869 3755 denun-

478 3800 561 3857 cietis
574 3818 668 3874 usque
680 3799 716 3857 ad
727 3798 936 3856 satisfacionem
950 3797 1121 3873 condignam
1136 3806 1166 3854 et
1180 3797 1291 3854 faciatis
1304 3797 1341 3854 ab
1351 3796 1487 3853 omnibus
1507 3839 1625 3854 ......
1640 3797 1750 3854 evitari
1782 3797 1867 3866 Quod

479 3900 503 3956 si
527 3917 585 3955 non
612 3899 696 3955 ambo
723 3895 781 3954 hiis
808 3895 984 3972 exequendis
1007 3895 1164 3972 potueritis
1194 3896 1333 3953 interesse
1356 3895 1430 3952 alter
1452 3903 1583 3951 vestrum
1606 3914 1640 3952 ea
1659 3894 1869 3954 nihilhominus

478 4005 650 4072 exequatur.
705 3995 816 4051 Datum
839 3992 967 4050 London.
989 3992 1019 4050 ii.
1041 3991 1186 4052 Kalendas
1204 3991 1314 4050 Martii.
1355 3990 1548 4050 Pontificatus
1573 3993 1690 4050 Domini
1712 3994 1868 4052 Clementis

480 4097 557 4172 Pape
570 4095 623 4151 iiii.
645 4094 733 4151 Anno
746 4091 808 4148 iii.'’

1054 4209 1134 4287 Poqe
1145 4227 1171 4279 2,
1186 4207 1243 4267 line
1253 4226 1299 4286 32.

536 4335 627 4392 Fines
638 4330 770 4408 parochie
783 4331 954 4388 sesua—In
972 4328 1052 4388 John
1070 4329 1200 4407 Alleyn’s
1213 4327 1321 4396 decree,
1342 4327 1401 4384 this
1422 4327 1513 4386 house
1524 4329 1549 4386 ia
1559 4329 1655 4407 styled
1669 4337 1871 4389 “conventum

475 4435 580 4494 domus
593 4431 767 4507 ecclesieque
779 4429 949 4507 parochialis
962 4438 1050 4505 atque
1063 4426 1261 4486 conventualis
1275 4426 1414 4484 Omnium
1428 4427 1698 4506 Sanctorum.”-p.
1711 4430 1756 4487 82.

1792 4549 1870 4626 Puyc
