4284 5412
1143 620 1191 708 46

476 807 533 888 pe'r
554 803 670 866 annum
692 820 711 866 a
731 812 814 866 retro
835 798 1007 867 existenoia
1021 800 1060 866 de
1076 811 1143 864 toto
1156 813 1297 888 tempora
1310 811 1462 865 transacto
1482 823 1580 886 usque
1595 800 1635 866 ad
1646 787 1766 868 Pascha
1780 827 1863 868 anno

478 906 607 974 Domini
622 907 788 972 millesimo
801 931 855 974 ccc
869 907 1018 974 vicesimo
1038 907 1149 994 quinto
1166 945 1173 960 ·
1189 909 1229 975 de
1244 909 1378 996 quadam
1397 908 1504 996 plscea
1519 923 1598 975 terre
1617 933 1689 975 cum
1704 911 1863 998 pertinen-

477 1011 534 1078 ciis
555 1011 773 1078 collateraliter
782 1010 906 1096 jacento
921 1033 964 1076 ex
977 1025 1065 1098 parte
1086 1012 1272 1078 occidentali
1287 1014 1398 1078 domus
1412 1014 1573 1102 hospitalis
1590 1015 1696 1082 Sancti
1709 1017 1863 1083 Johannis

478 1131 567 1182 extra
582 1139 695 1182 novam
710 1131 831 1202 portam
843 1116 965 1182 Dublin
976 1117 1009 1181 in
1024 1117 1096 1183 vico
1112 1118 1219 1185 Sancti
1234 1120 1358 1186 Thome
1373 1119 1407 1184 in
1422 1121 1569 1208 parochia
1585 1121 1691 1188 Sancti
1705 1123 1863 1190 Katerine.

479 1222 679 1289 Remiserunt
699 1221 799 1287 eciam
820 1235 853 1288 et
873 1222 1094 1288 relaxaverunt
1119 1224 1268 1311 predictis
1287 1224 1425 1292 Johanni
1448 1239 1481 1292 et
1495 1226 1638 1293 Marione
1661 1227 1701 1294 de
1723 1229 1867 1316 predicto

478 1327 604 1393 redditu
617 1327 818 1396 medietatem
832 1353 850 1394 a
864 1329 941 1394 festo
962 1331 1103 1417 predicto
1125 1355 1224 1418 usque
1244 1332 1284 1398 ad
1301 1332 1397 1398 finem
1412 1347 1530 1420 septem
1546 1357 1698 1399 annorum
1719 1335 1863 1421 proxima

479 1437 680 1525 sequencium
702 1437 794 1524 plene
819 1438 1084 1525 complendomm.
1128 1438 1303 1504 Reddendo
1317 1439 1391 1505 inde
1417 1439 1577 1504 annuatim
1593 1439 1684 1507 dictis
1705 1443 1808 1508 Priori
1830 1457 1863 1510 et

479 1540 647 1608 conventui
663 1540 740 1605 duos
763 1540 876 1606 solidos
891 1555 923 1606 et
936 1541 978 1605 vi.
995 1542 1136 1607 denarios
1155 1544 1275 1631 argenti
1291 1545 1330 1610 ad
1346 1545 1423 1610 duos
1438 1545 1586 1611 terminos
1605 1547 1679 1612 anni
1696 1548 1865 1616 ·videlioet

480 1646 678 1713 medietatem
693 1644 733 1710 ad
748 1645 845 1711 Pasca
859 1658 891 1711 et
906 1645 998 1711 aliam
1012 1645 1212 1712 medietatem
1224 1648 1263 1713 ad
1278 1647 1390 1714 festum
1408 1649 1515 1714 Sancti
1530 1649 1703 1717 Michaelis.

544 1752 590 1816 Et
600 1751 695 1815 finitis
704 1750 850 1839 predictis
861 1765 979 1839 septem
991 1753 1079 1817 annis
1090 1753 1247 1841 predictus
1258 1754 1397 1820 redditus
1405 1754 1544 1841 quinque
1555 1756 1724 1822 solidorum
1735 1757 1865 1847 singulis

481 1859 569 1925 annis
583 1858 708 1946 prefatis
723 1858 824 1923 Priori
840 1874 872 1924 ct
886 1859 1055 1926 conventui
1070 1873 1102 1927 et
1123 1885 1230 1926 eorum
1254 1863 1478 1929 successoribus
1499 1862 1619 1950 integre
1634 1863 1864 1953 imperpetuum

480 1980 661 2032 revertatur.
705 1965 749 2030 Et
762 1965 895 2052 predicti
910 1967 932 2032 J
933 1966 1069 2032 ohannes
1084 1979 1116 2032 et
1130 1961 1274 2034 Muriona
1287 1990 1344 2054 pro
1359 1990 1390 2031 se
1405 1979 1437 2032 et
1451 1965 1616 2031 heredibus
1631 1967 1694 2033 suis
1708 1992 1864 2036 coneeoee·

481 2088 555 2138 runt
569 2071 653 2158 quod
674 2071 700 2136 si
724 2071 911 2137 sufficientes
926 2072 1132 2139 districtiones
1146 2073 1265 2139 ibidem
1279 2071 1414 2138 inveniri
1438 2096 1502 2136 non
1525 2086 1672 2159 poterunt
1694 2087 1769 2140 tuno
1785 2075 1864 2144 bene

480 2179 588 2245 licebit
600 2177 690 2244 dictis
699 2176 800 2241 Priori
812 2191 844 2242 et
855 2177 1023 2244 conventui
1035 2191 1184 2242 eteorum
1196 2175 1420 2242 successoribus
1435 2174 1521 2241 aliud
1532 2189 1744 2242 tenementum
1758 2171 1865 2244 eoruni

481 2282 654 2348 collaterale
668 2280 791 2368 ingredi
803 2294 835 2346 et
848 2280 966 2346 ibidem
977 2279 1162 2367 distringere
1173 2293 1204 2344 et
1216 2279 1422 2344 districtiones
1437 2279 1569 2346 retinere
1580 2305 1678 2368 usque
1690 2281 1730 2348 ad
1740 2283 1864 2372 plenam

482 2386 560 2454 dicti
578 2387 718 2454 redditus
743 2386 943 2454 solucionem.
987 2387 1026 2451 In
1051 2387 1140 2471 cujus
1163 2385 1208 2451 rei
1232 2383 1444 2450 testimonium
1469 2384 1544 2450 huic
1569 2385 1738 2454 dividendo
1764 2389 1865 2480 sigilla

483 2491 623 2578 parcium
638 2491 814 2557 alternatim
829 2505 901 2558 sunt
916 2515 1059 2582 appensa.
1088 2491 1207 2557 Datum
1222 2491 1346 2558 Dublin
1360 2493 1394 2556 in
1408 2491 1518 2580 vigilia
1532 2493 1650 2561 Pasche
1665 2519 1747 2562 anno
1761 2522 1865 2588 supra·

482 2597 575 2664 dicto.

1101 2876 1242 2950 XLIV.

763 3065 821 3140 m
837 3065 893 3137 rot.
910 3064 1048 3138 arants
1066 3064 1100 3136 tn
1116 3063 1255 3155 tantbs
1272 3061 1396 3147 §aaut
1411 3064 1581 3140 &sutton

550 3251 645 3318 (liant
658 3269 814 3339 presentes
828 3267 861 3319 et
872 3253 968 3318 futuri
983 3253 1067 3339 quod
1078 3275 1136 3342 ego
1148 3253 1186 3318 Τ.
1198 3253 1236 3318 de
1249 3253 1379 3320 Camers
1393 3267 1425 3318 et
1435 3252 1536 3318 Elena
1547 3254 1585 3319 de
1598 3253 1742 3321 Tantona
1756 3279 1867 3344 sponsa

571 3383 640 3427 mea
654 3359 796 3425 dedimus
819 3359 1024 3426 concessimus
1046 3376 1078 3426 et
1092 3360 1150 3426 hac
1165 3360 1300 3448 presenti
1314 3375 1398 3427 carta
1420 3375 1524 3426 nostra
1546 3362 1796 3429 confirmavimus
1810 3390 1866 3454 pro

484 3466 581 3531 salute
607 3465 779 3532 animarum
805 3480 979 3530 nostrarum
1005 3479 1230 3530 antecessorum
1256 3477 1289 3532 et
1313 3488 1521 3530 successorum
1546 3473 1721 3531 nostrorum
1743 3467 1811 3534 Deo
1834 3484 1866 3536 et

485 3573 574 3637 beate
589 3572 690 3637 Marie
714 3586 745 3636 et
767 3571 874 3636 domui
890 3570 1042 3637 Omnium
1058 3570 1242 3636 Sanctorum
1257 3570 1352 3656 juxta
1371 3571 1492 3637 Dublin
1514 3585 1546 3636 et
1571 3572 1727 3638 canonicis
1748 3574 1865 3642 ibidem

486 3679 556 3744 Deo
570 3680 774 3745 servientibus
791 3719 798 3732 ·
813 3680 847 3744 in
862 3703 970 3766 puram
986 3692 1018 3744 et
1032 3691 1213 3766 perpetuam
1228 3678 1426 3744 elemosinam
1442 3679 1601 3744 sexdecim
1616 3679 1757 3746 denarios
1771 3683 1867 3747 annui

486 3787 625 3853 redditus
640 3788 680 3853 ad
694 3788 803 3853 vinum
819 3787 961 3854 sacrificii
976 3787 1169 3874 recipiendos
1188 3785 1223 3852 in
1245 3785 1393 3852 suburbio
1409 3785 1530 3850 Dublin
1544 3785 1578 3851 in
1596 3786 1743 3874 parochia
1764 3802 1868 3855 sancte

488 3893 637 3958 Katerine
655 3895 694 3959 de
714 3894 848 3979 quadam
873 3907 954 3959 terra
977 3893 1011 3957 in
1033 3907 1119 3980 parte
1142 3891 1267 3959 australi
1290 3891 1376 3980 regie
1398 3891 1449 3956 vie
1466 3929 1472 3943 ·
1489 3892 1678 3978 quequidem
1693 3906 1774 3959 terra
1783 3895 1869 3981 jacet

486 3999 568 4066 inter
581 4015 694 4068 terram
709 4024 770 4086 que
783 4000 845 4066 fuit
854 4001 986 4068 Henrici
1001 4001 1111 4066 Rnssel
1126 4000 1159 4066 in
1174 4013 1261 4088 parte
1274 3999 1416 4066 orientali
1430 4011 1463 4064 et
1473 4012 1587 4066 terram
1599 4023 1660 4086 quc
1671 3999 1732 4066 suit
1746 4000 1869 4067 Thome

486 4107 646 4196 Armigeri
662 4108 695 4172 in
710 4123 796 4197 parte
812 4108 995 4175 occidentali
1009 4109 1220 4196 ·recipiendos
1235 4109 1274 4174 ad
1285 4108 1362 4173 duos
1376 4107 1449 4173 anni
1464 4107 1611 4172 terminos
1625 4105 1743 4172 scilicet
1753 4106 1870 4172 medie·

487 4225 584 4278 tatem
599 4213 638 4278 ad
653 4214 773 4279 Pascha
783 4227 815 4279 et
829 4213 920 4279 sliam
936 4213 1134 4280 medietatem
1149 4213 1189 4279 sd
1203 4213 1315 4278 festum
1332 4211 1436 4278 Sancti
1453 4210 1625 4278 Michaelis.

553 4317 597 4382 Et
618 4342 674 4384 nos
696 4343 771 4383 vero
790 4317 922 4406 predicti
939 4318 978 4383 T.
994 4316 1034 4383 de
1049 4317 1180 4382 (lamera
1202 4329 1237 4382 et
1249 4315 1349 4380 Eleas
1363 4316 1402 4382 de
1418 4315 1563 4382 Tantone
1584 4329 1617 4381 et
1630 4315 1759 4382 heredes
1773 4317 1870 4382 nostri

489 4423 621 4511 prefatos
636 4424 795 4491 sexdecim
811 4421 952 4490 denarios
976 4421 1071 4488 annui
1086 4419 1225 4487 redditus
1248 4419 1403 4485 antedicte
1422 4419 1530 4484 domui
1549 4433 1583 4487 et
1594 4419 1752 4487 canonicis
1764 4435 1872 4488 conus

1765 4551 1872 4593 omnes
