4284 5412
1127 629 1172 702 32

1058 877 1249 951 XXVIII.

785 1067 842 1140 lta
857 1069 948 1138 tortu
965 1066 1076 1138 taraus
1094 1063 1252 1137 arrhatam
1269 1060 1393 1145 §tutti
1410 1062 1515 1154 {aaut

564 1257 621 1323 EO
636 1270 682 1321 est
696 1253 867 1320 convencio
879 1251 960 1317 facta
973 1251 1055 1316 inter
1066 1251 1206 1316 Priorem
1222 1263 1254 1314 et
1264 1264 1454 1316 conventum
1466 1250 1576 1314 domus
1588 1249 1740 1316 Omnium
1754 1250 1849 1316 Sanc·

584 1379 687 1428 torum
708 1361 803 1446 juxta
830 1357 950 1424 llublin
975 1382 1017 1422 ex
1042 1369 1130 1444 parte
1154 1381 1218 1421 una
1242 1371 1274 1420 ct
1297 1355 1459 1420 dominum
1482 1355 1653 1421 Ricardum
1676 1356 1706 1422 le
1720 1355 1851 1446 Waleys

459 1471 654 1560 capellanum
670 1493 711 1533 ex
723 1467 819 1532 altera
832 1503 838 1516 ·
851 1465 999 1530 videlicet
1010 1464 1095 1550 quod
1106 1461 1238 1551 predicti
1249 1463 1339 1526 Prior
1349 1477 1381 1528 et
1392 1477 1563 1528 conventus
1575 1461 1716 1526 unanimi
1727 1485 1851 1527 assensu

459 1590 491 1642 et
506 1573 635 1641 consilio
654 1571 754 1636 tocius
780 1568 910 1656 capituli
935 1567 983 1632 sui
1005 1580 1223 1632 concesserunt
1248 1581 1280 1630 et
1305 1565 1345 1631 ad
1360 1566 1481 1630 firmam
1502 1566 1697 1632 tradiderunt
1711 1567 1852 1655 predicto

461 1681 597 1750 Ricardo
613 1677 768 1765 quandam
783 1690 896 1742 terram
911 1699 998 1741 suam
1019 1699 1092 1740 cum
1118 1674 1250 1741 edificiis
1273 1688 1305 1740 et
1330 1674 1533 1761 pertinenciis
1556 1674 1619 1740 suis
1643 1675 1678 1739 in
1704 1674 1852 1740 suburbio

461 1787 583 1852 Dublin
597 1785 631 1850 in
653 1783 800 1873 parochia
823 1780 931 1848 Sancti
946 1781 1032 1847 Petri
1052 1781 1091 1846 de
1113 1780 1144 1846 la
1159 1781 1265 1845 Hulle.
1282 1795 1313 1845 et
1323 1781 1409 1866 jacet
1423 1780 1506 1845 inter
1528 1794 1640 1846 terram
1655 1780 1796 1868 Philippi
1811 1780 1851 1844 de

461 1893 680 1958 Assohebome
695 1914 737 1954 ex
752 1903 839 1976 parte
854 1912 917 1952 una
939 1899 972 1952 ct
986 1905 1099 1952 terram
1117 1886 1197 1974 Elye
1214 1885 1252 1951 de
1272 1885 1490 1951 Asscheborne
1514 1910 1556 1950 ex
1576 1901 1663 1973 parte
1687 1886 1782 1950 altera
1798 1923 1804 1936 ·
1820 1901 1852 1950 et

461 1995 606 2063 extendit
620 2019 652 2060 se
670 1995 705 2059 in
720 1993 918 2082 longitudine
940 2019 959 2059 a
982 1993 1079 2081 regali
1094 1993 1146 2058 via
1168 1994 1303 2058 anterius
1323 1994 1475 2079 usquead
1491 2008 1603 2059 terram
1619 1993 1695 2059 dicti
1711 1992 1852 2080 Philippi

462 2101 615 2190 posterius
630 2115 662 2166 et
676 2099 816 2165 continet
831 2097 967 2163 anterius
981 2097 1016 2161 in
1030 2097 1195 2163 latitudine
1210 2097 1339 2185 triginta
1354 2113 1386 2163 et
1404 2122 1460 2162 sex
1475 2099 1569 2188 pedes
1586 2137 1592 2150 ·
1608 2098 1643 2163 in
1657 2099 1761 2164 medio
1777 2123 1851 2184 qua

467 2208 610 2294 draginta
625 2221 657 2271 et
671 2230 770 2270 unum
785 2205 898 2293 pedem
913 2205 1066 2292 posterius
1080 2228 1155 2269 vero
1170 2204 1377 2292 quadraginta
1391 2218 1422 2270 et
1436 2229 1493 2271 sex
1508 2205 1602 2293 pedes
1620 2243 1626 2256 ·
1642 2206 1807 2270 tenendam
1822 2219 1855 2270 et

461 2312 637 2378 habendam
649 2309 764 2375 dictam
777 2325 890 2374 terram
901 2333 973 2374 curn
985 2307 1116 2373 edificiis
1127 2321 1159 2372 et
1171 2308 1370 2394 pertinenciis
1381 2309 1443 2374 suis
1455 2310 1573 2398 prefato
1582 2310 1710 2375 domino
1719 2310 1853 2377 Ricardo

462 2418 629 2484 heredibus
645 2431 677 2482 et
692 2414 854 2502 assignatis
869 2414 931 2478 suis
946 2413 985 2478 de
1000 2413 1148 2501 predictis
1164 2414 1272 2480 Priore
1287 2431 1319 2480 et
1333 2431 1491 2482 conventu
1504 2429 1537 2482 et
1551 2441 1659 2482 eorum
1674 2417 1854 2482 successori·

462 2527 521 2590 bus
538 2524 647 2589 afesto
662 2522 781 2587 Pascha
796 2543 877 2586 anno
893 2519 1024 2584 Domini
1041 2519 1207 2584 millesimo
1225 2521 1436 2587 tricentesimo
1455 2523 1612 2588 tricesimo
1627 2523 1737 2608 quinto
1756 2547 1854 2608 usque

462 2629 501 2697 ad
516 2631 611 2695 finem
626 2629 904 2694 decem-annorum
920 2624 1064 2712 proxime
1080 2625 1341 2710 subsequencium
1357 2624 1449 2713 plene
1463 2627 1698 2715 completorum.

528 2734 703 2801 Reddendo
717 2732 792 2797 inde
808 2731 968 2797 annuatim
983 2730 1075 2796 dictis
1091 2731 1192 2795 Priori
1207 2745 1239 2796 et
1259 2733 1429 2798 conventui
1443 2745 1475 2798 et
1500 2757 1608 2800 eorum
1629 2737 1854 2802 successoribus

463 2843 565 2909 dictus
576 2840 721 2905 dominus
732 2836 885 2904 Ricardus
894 2837 1023 2903 heredes
1038 2861 1092 2901 seu
1104 2837 1251 2926 assignati
1263 2839 1310 2903 sui
1323 2853 1392 2905 octo
1407 2839 1521 2905 solidos
1536 2841 1657 2930 argenti
1667 2841 1708 2907 ad
1723 2857 1854 2929 quatuor

463 2951 537 3018 anni
553 2949 701 3016 terminos
718 2985 724 2999 ·
740 2946 889 3013 videlicet
903 2946 944 3013 ad
958 2945 1071 3011 festum
1085 2946 1268 3012 Nativitatis
1291 2946 1397 3013 Sancti
1417 2947 1439 3014 J
1440 2947 1572 3014 ohannis
1586 2948 1727 3036 Baptiste
1742 2947 1782 3014 ad
1797 2947 1854 3013 ses·

464 3073 532 3124 tum
550 3055 657 3122 Sancti
672 3051 838 3119 Michaelis
852 3050 893 3117 ad
906 3050 1019 3116 festum
1029 3047 1149 3115 Natalis
1160 3049 1291 3114 Domini
1306 3063 1339 3114 et
1353 3050 1392 3115 ad
1404 3049 1516 3115 festum
1528 3050 1646 3116 Pascha
1662 3075 1717 3138 per
1732 3050 1855 3136 equales

464 3165 626 3256 porciones
640 3186 697 3250 pro
713 3159 798 3225 omni
824 3159 954 3225 servicio
979 3159 1144 3225 exactione
1168 3173 1200 3224 et
1215 3158 1368 3224 demanda
1390 3158 1531 3224 seculari.
1575 3159 1613 3223 ln
1629 3160 1690 3224 fine
1706 3183 1780 3224 vero
1795 3173 1855 3224 ter-

464 3272 543 3338 mini
559 3269 692 3359 predicti
703 3265 862 3356 predictus
877 3263 1021 3330 dominus
1036 3264 1189 3330 Ricardus
1204 3265 1332 3330 heredes
1348 3265 1398 3330 vel
1413 3263 1558 3353 assignati
1574 3265 1622 3329 sui
1636 3265 1777 3352 predicta
1790 3264 1855 3331 edi-

464 3378 536 3446 ficia
548 3377 583 3442 in
598 3391 680 3440 statu
694 3370 884 3460 competenti
899 3370 1074 3457 relinquere
1096 3372 1220 3438 debent.
1264 3372 1352 3438 Dicti
1367 3372 1466 3439 eciam
1482 3373 1572 3439 Prior
1586 3390 1618 3440 et
1632 3390 1803 3441 conventus
1825 3389 1857 3440 et

466 3507 654 3548 successores
679 3479 727 3545 sui
751 3479 867 3544 dictam
894 3492 1007 3544 terram
1036 3503 1108 3545 cum
1134 3479 1334 3567 pertinenciis
1360 3481 1440 3547 sicut
1464 3481 1642 3569 predictum
1667 3496 1714 3549 est
1737 3483 1855 3570 prefato

467 3588 594 3652 domino
609 3585 745 3652 Ricardo
753 3582 921 3649 heredibus
936 3597 968 3647 et
982 3581 1143 3670 assignatis
1158 3582 1220 3646 suis
1236 3603 1292 3669 pro
1303 3583 1444 3670 predicto
1458 3584 1584 3649 redditu
1598 3609 1696 3671 usque
1712 3586 1751 3651 ad
1761 3585 1856 3651 finem

467 3694 544 3759 dicti
558 3693 684 3759 termini
707 3705 815 3757 contra
839 3714 946 3755 omnes
968 3705 1076 3778 gentes
1099 3691 1367 3757 warantizabimus
1391 3692 1635 3778 acquietabimus
1654 3706 1687 3759 et
1709 3693 1856 3759 defende·

469 3824 547 3864 mus.
591 3799 629 3862 In
645 3797 734 3884 cujus
749 3796 794 3861 roi
808 3794 1022 3860 testimonium
1036 3794 1174 3882 sigillum
1189 3819 1354 3860 commune
1370 3796 1524 3862 dictorum
1539 3797 1656 3862 Prioris
1676 3811 1708 3862 et
1722 3822 1856 3865 conven-

468 3925 519 3972 tus
533 3922 565 3971 et
579 3905 717 3994 sigillum
732 3903 865 3992 predicti
881 3904 1000 3968 domini
1016 3903 1145 3968 Ricardi
1159 3903 1220 3968 hiis
1234 3904 1351 3968 mutuis
1370 3904 1491 3992 scriptis
1505 3904 1681 3970 alternatim
1696 3929 1857 3992 apponun-

468 4029 529 4076 tur,
574 4011 647 4075 Hiis
662 4010 792 4076 testibus
808 4049 814 4060 ·
831 4010 979 4098 magistro
994 4011 1157 4075 Willelmo
1172 4011 1291 4077 Boedif
1303 4026 1379 4076 tunc
1402 4013 1519 4096 majore
1534 4011 1656 4076 Dublin
1673 4049 1679 4062 ·
1695 4009 1857 4076 Willehno

469 4116 678 4204 Wythirtoun
698 4129 730 4180 et
753 4115 878 4202 Rogero
894 4117 1084 4181 Grantcourt
1109 4129 1185 4182 tunc
1207 4116 1371 4204 prepositis
1388 4155 1394 4168 ·
1411 4117 1546 4183 Ricardo
1561 4116 1600 4182 de
1618 4117 1763 4205 Suerdys
1780 4155 1786 4168 ·
1801 4117 1857 4183 Jo-

469 4223 574 4288 hanne
585 4221 695 4287 Callan
708 4259 715 4272 ·
727 4221 873 4286 dohanne
883 4219 961 4285 Crih
972 4259 978 4272 ·
989 4219 1107 4308 Egidio
1116 4219 1155 4285 de
1167 4219 1364 4287 Baldiswelle
1375 4260 1382 4272 ·
1393 4221 1517 4310 Rogero
1529 4221 1568 4288 de
1576 4223 1729 4310 Kyldaria
1738 4239 1770 4288 et
1781 4222 1857 4288 aliis.

468 4329 587 4393 Datum
603 4326 725 4392 Dublin
740 4325 792 4391 die
807 4325 964 4392 dominica
978 4325 1123 4412 proxima
1138 4337 1207 4412 post
1229 4323 1343 4390 festum
1359 4325 1466 4393 Sancti
1482 4326 1648 4394 Michaehs
1663 4327 1859 4416 Archangeli

470 4457 552 4504 anno
567 4432 698 4498 Domini
712 4430 878 4498 millesimo
893 4455 947 4498 ccc
962 4430 1179 4517 tricesimoque
1195 4445 1314 4517 quarto.

1723 4519 1858 4586 XXIX.
