4368 5408
956 635 982 708 li

277 816 387 894 tancia,
403 818 468 882 sive
483 815 685 904 pertinencia,
705 815 771 882 sive
797 816 882 882 dicto
902 817 1043 884 Waltero
1062 817 1157 906 priori
1181 832 1217 884 ut
1237 817 1271 884 in
1281 841 1353 904 Jure
1370 819 1453 886 dicte
1468 819 1579 885 domus
1594 818 1659 886 sive

271 921 425 1009 prioratus
458 921 565 988 debita
597 920 663 986 sive
697 919 898 1008 pertinencia
951 921 1108 986 Habenda
1133 921 1269 988 tenenda
1285 935 1317 988 et
1342 923 1510 1010 gaudenda
1541 923 1657 988 dictam

272 1027 402 1094 domum
417 1029 483 1094 sive
497 1026 669 1116 prioratum
684 1041 824 1094 nostmm
837 1027 990 1094 Omnium
1006 1029 1192 1096 Sanctorum
1207 1053 1243 1096 ac
1255 1029 1383 1096 domum
1397 1029 1532 1096 fundum
1546 1029 1660 1096 scitum

272 1133 425 1200 ambitum
434 1147 467 1200 et
480 1133 675 1222 precinctum
690 1133 844 1220 prioratus
857 1133 924 1198 sive
939 1132 1049 1200 domus
1064 1133 1208 1222 religiose
1223 1133 1377 1199 Omnium
1394 1135 1577 1202 Sanctorum
1593 1160 1660 1224 pre-

273 1237 427 1305 dictorum
456 1238 595 1305 maneria
625 1251 721 1304 terras
759 1251 937 1306 tenemento
978 1262 1101 1305 necnon
1135 1239 1218 1304 bona
1253 1239 1379 1306 cattalln
1416 1253 1449 1306 et
1485 1241 1591 1308 debita
1623 1266 1659 1308 ac

271 1361 373 1413 cetera
387 1348 536 1436 premissa
549 1369 622 1415 cum
648 1345 793 1412 omnibus
807 1361 840 1412 et
854 1347 985 1435 siugulis
1007 1347 1070 1414 suis
1094 1347 1296 1434 pertinenciis
1310 1347 1430 1436 prefato
1453 1347 1658 1414 invictissimo

271 1449 407 1539 principi
422 1465 454 1518 et
467 1451 597 1518 domino
611 1465 716 1518 nostro
730 1451 797 1542 regi
812 1453 981 1520 heredibus
996 1469 1028 1520 et
1049 1453 1212 1542 assignatis
1234 1453 1298 1520 suis
1320 1454 1553 1543 imperpetuum
1597 1454 1658 1520 Oui

269 1553 303 1618 in
317 1555 377 1620 hac
391 1569 479 1643 parte
494 1555 534 1620 ad
549 1579 674 1622 ornnem
698 1555 780 1642 juris
794 1555 942 1624 effectum
957 1558 1012 1644 qui
1027 1557 1146 1624 exinde
1160 1557 1248 1644 sequi
1273 1559 1389 1646 poterit
1414 1573 1469 1624 aut
1482 1571 1585 1646 potest
1603 1582 1660 1622 nos

272 1674 304 1724 et
318 1661 435 1727 dictam
450 1663 578 1728 domurn
591 1660 656 1726 sive
682 1661 854 1750 prioratum
869 1663 1022 1728 Omnium
1039 1663 1225 1730 Sanctorum
1253 1665 1468 1752 predictorum
1491 1689 1527 1730 ac
1553 1664 1660 1730 omnia

267 1765 339 1850 jura
370 1766 460 1832 nobis
490 1766 758 1853 qualitercumque
793 1767 944 1853 acquisita
969 1782 1005 1834 ut
1040 1769 1131 1835 decet
1166 1769 1350 1854 subjicimus
1379 1784 1412 1836 et
1436 1770 1658 1837 submittimus.

270 1869 389 1938 Dentes
403 1885 435 1939 et
445 1871 651 1938 concedentes
665 1870 768 1938 eidem
782 1872 867 1961 regie
882 1875 1035 1960 majestati
1050 1874 1217 1941 heredibus
1234 1887 1267 1941 et
1281 1875 1343 1942 suis
1358 1876 1520 1965 assignatis
1535 1901 1660 1942 omnem

268 1994 299 2047 et
319 1983 500 2048 omnimodo
519 1983 646 2070 plenam
668 1995 701 2048 et
724 1979 855 2048 liberam
871 1979 1050 2048 facultatem
1076 1983 1293 2048 auctoritatem
1307 1998 1340 2049 et
1356 1997 1542 2072 potestatem
1556 2009 1613 2050 nos
1628 1997 1660 2049 et

271 2087 387 2154 dictam
395 2090 524 2155 domum
536 2088 601 2154 sive
610 2087 782 2175 prioratum
791 2085 943 2152 Omnium
957 2085 1142 2154 Sanctorum
1148 2087 1360 2176 predictorum
1372 2113 1507 2156 unacum
1517 2090 1661 2155 omnibus

270 2209 301 2260 et
315 2193 447 2284 singulis
461 2192 607 2260 maneriis
632 2190 722 2258 terris
741 2203 774 2256 et
787 2188 974 2256 tenementis
993 2188 1168 2257 redditibus
1179 2191 1411 2258 revercionibus
1419 2192 1557 2258 serviciis
1571 2192 1661 2262 bonis

271 2302 389 2368 catallis
414 2316 447 2368 et
471 2301 586 2367 debitis
611 2313 644 2367 et
666 2298 798 2388 singulis
811 2297 967 2387 premissis
982 2322 1056 2364 cum
1079 2296 1143 2362 suis
1164 2297 1290 2384 juribus
1311 2311 1344 2364 et
1366 2297 1567 2386 pertinenciis
1591 2299 1660 2386 qui·

272 2409 464 2496 buscumque
494 2404 681 2495 disponendi
712 2429 748 2470 ac
780 2428 837 2493 pro
870 2428 927 2469 suo
953 2403 1052 2470 libero
1080 2403 1166 2492 regie
1191 2403 1362 2470 voluntatis
1386 2404 1480 2470 libitu
1504 2405 1544 2470 ad
1571 2429 1661 2492 quos·

269 2538 404 2600 cumque
448 2537 521 2580 usus
549 2511 704 2599 majestati
738 2537 793 2578 sue
829 2511 986 2599 placentes
1020 2509 1178 2578 alienandi
1214 2511 1352 2577 donandi
1390 2513 1594 2579 convertendi
1630 2526 1662 2580 et

268 2619 480 2686 transferendi.
525 2619 719 2708 Hujusmodi
743 2619 961 2708 dispositiones
982 2618 1184 2686 alienationes
1216 2617 1406 2684 donaciones
1444 2617 1661 2684 conversiones

269 2739 300 2788 et
324 2725 540 2790 translationes
572 2747 628 2812 per
653 2724 848 2810 majestatem
879 2747 968 2789 suam
997 2724 1204 2810 quovismodo
1228 2725 1346 2790 fiendas
1380 2738 1435 2792 aut
1466 2725 1661 2792 ratificaudas

268 2845 347 2896 ratas
379 2843 411 2897 et
449 2843 552 2920 gratas
596 2855 632 2898 ao
665 2843 817 2918 perpetuo
846 2829 950 2896 firmas
978 2829 1139 2895 habituros
1168 2830 1380 2918 promittimus
1409 2855 1465 2919 per
1493 2844 1660 2919 presentes.

270 2937 313 3002 Ilt
339 2952 375 3002 ut
403 2939 552 3026 premissa
580 2937 686 3005 omnia
715 2951 747 3004 et
778 2937 901 3026 singula
936 2961 1027 3004 suum
1058 2937 1199 3003 debitum
1233 2937 1335 3003 sortiri
1364 2937 1489 3004 valeant
1514 2937 1661 3004 effectum

270 3043 479 3110 eleccionibus
501 3043 629 3132 insuper
651 3042 741 3109 nobis
771 3056 803 3109 et
832 3043 1058 3110 successoribus
1087 3042 1199 3108 nostru
1242 3067 1300 3109 nec
1328 3067 1393 3108 uon
1419 3042 1564 3108 omnibus
1585 3067 1660 3129 que·

268 3149 340 3216 relis
368 3148 644 3237 provocationibus
669 3149 931 3238 appellationibus
956 3149 1135 3216 accionibus
1158 3148 1268 3215 litibus
1292 3163 1325 3216 et
1348 3149 1508 3214 instanciis
1530 3149 1660 3236 aliisque

269 3256 516 3342 quibuscumque
531 3254 644 3320 nostris
658 3255 804 3321 remediis
818 3268 851 3322 et
866 3254 1028 3322 beneficiis
1037 3254 1127 3320 nohis
1146 3253 1248 3320 forsan
1263 3269 1296 3322 et
1309 3254 1536 3321 successoribus
1550 3255 1661 3320 nostris

266 3365 299 3428 in
313 3389 351 3430 ea
365 3377 452 3451 parte
467 3377 616 3451 pretextu
630 3362 841 3452 dispositionis
856 3362 1052 3430 alienationis
1067 3361 1275 3428 translationis
1290 3361 1351 3450 [et]
1367 3359 1576 3426 convertionis
1590 3383 1660 3448 pre·

268 3471 422 3536 dictarum
434 3483 466 3536 et
480 3483 654 3534 ceterorum
669 3467 888 3555 premissorum
901 3466 1169 3553 qualitercumque
1181 3464 1431 3551 competentibus
1445 3462 1660 3551 competitur-is

268 3576 474 3662 omnibusque
490 3575 554 3640 doli
564 3574 675 3640 emeris
696 3587 797 3640 metus
818 3573 999 3663 ignorancie
1013 3573 1065 3638 vel
1079 3571 1206 3638 alterius
1220 3569 1347 3636 materie
1363 3569 1429 3634 sive
1451 3568 1661 3657 dispositionis

267 3683 408 3771 exceptis
423 3682 656 3769 objecoionibus
671 3695 703 3748 et
717 3681 954 3771 alligacionibus
968 3704 1091 3768 prorsus
1106 3678 1231 3744 semotis
1246 3692 1279 3743 et
1299 3675 1448 3764 depositis
1462 3675 1565 3763 palam
1580 3700 1660 3764 pup-

268 3789 327 3855 lice
342 3804 374 3855 et
394 3813 539 3877 expresse
555 3813 596 3854 ex
612 3803 696 3854 certa
710 3801 815 3854 nostra
836 3787 970 3853 sciencia
992 3785 1166 3872 animisque
1190 3781 1371 3871 spontaneis
1389 3781 1608 3848 renunciamus
1630 3797 1662 3848 et

269 3895 415 3961 cessimus
430 3906 524 3982 prout
539 3916 594 3981 per
608 3904 765 3980 presentes
779 3889 997 3956 renunciamus
1011 3902 1045 3954 et
1058 3887 1199 3954 cedimus
1212 3899 1245 3953 et
1259 3887 1298 3951 ab
1312 3885 1430 3951 eisdem
1444 3885 1619 3951 recedimus
1628 3885 1660 3949 in

268 4000 329 4066 hiis
354 3999 487 4087 scriptis.
531 3999 576 4063 Et
597 4022 654 4064 uos
676 3995 812 4086 prefatus
828 3996 919 4061 Prior
941 4008 974 4061 et
995 4007 1169 4060 conventus
1193 4006 1225 4059 et
1250 4016 1437 4058 successores
1459 3992 1556 4057 nostri
1577 3991 1661 4056 dicte

270 4107 380 4171 domus
403 4105 469 4170 sive
494 4103 654 4170 Prioratus
688 4101 800 4169 scitum
829 4101 983 4168 ambitum
1012 4112 1044 4166 et
1072 4099 1267 4188 precinctum
1291 4097 1444 4164 Omnium
1476 4097 1660 4163 Sanctorum

270 4211 491 4301 predictorum,
513 4234 550 4275 ac
564 4209 670 4275 omnia
683 4223 716 4275 et
744 4207 867 4297 singula
881 4206 1020 4274 maneria
1034 4207 1142 4271 domos
1167 4203 1342 4294 messuagia
1366 4217 1462 4270 terras
1485 4217 1662 4268 tenemento

270 4321 351 4385 bona
380 4315 492 4384 catalla
520 4330 553 4382 et
580 4316 687 4382 debita
716 4340 752 4381 ac
777 4315 882 4381 omnia
911 4329 943 4381 et
967 4313 1091 4403 singula
1115 4311 1264 4402 premissa
1287 4335 1359 4378 cum
1385 4310 1447 4376 suis
1462 4307 1661 4398 pertinenciis

271 4425 423 4491 universis
437 4424 557 4513 prefato
572 4423 701 4490 domino
717 4439 820 4490 nostro
835 4423 901 4513 regi
927 4423 1095 4489 heredibus
1118 4433 1151 4487 et
1175 4419 1336 4510 assignatis
1350 4417 1414 4484 suis
1437 4431 1544 4483 contra
1557 4439 1663 4480 omnes

956 4529 978 4593 h
997 4532 1015 4592 2
1553 4532 1661 4608 gentes
