4368 5408
985 945 1034 1016 X.

775 1125 939 1226 [inserita
953 1127 1210 1228 dannationis]

422 1317 557 1383 Enricus
565 1317 705 1382 Octavus
717 1315 768 1381 dei
777 1316 883 1404 gracia
889 1317 1009 1406 Anglie
1018 1331 1050 1384 et
1060 1318 1191 1385 Francis
1202 1319 1274 1384 Rex
1284 1319 1358 1386 fidei
1369 1322 1511 1389 defensor
1521 1337 1553 1390 et
1562 1325 1707 1392 dominus

443 1421 596 1488 Hibemie
611 1421 695 1488 acin
710 1433 791 1488 terra
805 1446 985 1510 supremum
999 1437 1094 1510 eaput
1106 1423 1236 1490 ecclesie
1243 1425 1422 1514 Anglicane
1438 1441 1470 1494 et
1486 1429 1707 1510 Hibernicane‚

319 1528 463 1594 omnibus
492 1527 533 1593 ad
555 1550 634 1612 quos
655 1541 813 1614 presentes
836 1525 939 1592 littere
960 1539 1064 1594 nostre
1087 1527 1289 1614 pervenerint
1314 1529 1463 1596 Salutem.
1508 1533 1708 1623 Inspeximus

319 1633 474 1718 quendam
485 1630 691 1697 donacionem
709 1629 774 1696 sive
785 1630 1016 1695 concessionem
1028 1654 1084 1720 per
1097 1631 1273 1697 Walterum
1286 1634 1441 1702 Hancolre
1461 1661 1562 1726 nuper
1573 1639 1706 1728 priorem

319 1737 428 1802 domus
443 1734 509 1802 sive
523 1733 677 1823 prioratus
698 1733 919 1800 canonicorum
935 1733 1088 1800 Omnium
1105 1735 1289 1804 Sanctorum
1300 1739 1397 1825 juxta
1410 1741 1568 1809 civitatem
1585 1745 1707 1813 Dublin

316 1855 350 1907 et
363 1855 553 1908 conventum
576 1841 666 1907 nobis
689 1841 801 1906 factam
817 1839 851 1906 in
870 1841 929 1906 hec
944 1842 1048 1908 verba.
1087 1843 1187 1927 [Here
1208 1845 1329 1932 follows
1356 1848 1404 1914 tlte
1430 1853 1592 1917 currenda
1619 1856 1707 1920 made

323 1947 390 2012 rect
401 1946 580 2024 November,
601 1952 690 2032 1538.
736 1943 795 2008 See
810 1943 870 2010 No.
887 1943 949 2008 IX.
965 1967 996 2031 p.
1012 1944 1046 2032 l.]

381 2051 582 2140 Inspeximus
597 2049 691 2116 etiam
714 2048 957 2116 indorsationem
981 2051 1188 2118 concessionis
1202 2068 1234 2118 et
1248 2053 1429 2120 donacionis
1444 2057 1583 2145 predicte
1597 2059 1631 2124 in
1646 2062 1705 2128 hec

318 2159 421 2224 verba
467 2157 568 2240 [Hera
579 2159 701 2245 sodoma
715 2157 762 2224 tlte
775 2160 1013 2238 macerandum
1028 2182 1059 2246 p.
1075 2158 1136 2246 lii]

381 2263 447 2330 Nos
462 2278 567 2329 autern
588 2276 709 2329 tenores
725 2263 905 2330 donacionis
931 2263 1138 2330 concessionis
1158 2281 1191 2331 et
1207 2265 1425 2334 indorsationis
1439 2269 1649 2357 predictarrun
1664 2273 1704 2338 ad

318 2369 552 2456 requisitionem
576 2367 688 2436 Jacobi
712 2369 765 2433 fitz
791 2370 921 2458 Symon,
945 2369 1071 2456 majoris
1094 2369 1230 2436 civitatis
1246 2373 1377 2452 Dublin,
1393 2373 1521 2440 Ricardi
1536 2375 1705 2445 Birfordet

318 2476 439 2542 Mathai
466 2476 623 2566 Gooding‚
650 2476 837 2542 ballivorum
862 2477 1001 2565 ejusdem
1016 2477 1153 2567 civitatis
1175 2478 1325 2547 duximus
1348 2481 1625 2571 exemplificandos
1647 2510 1704 2574 per

316 2600 481 2670 presentes.
526 2585 566 2648 In
580 2585 670 2670 cujus
684 2583 729 2650 rei
755 2583 967 2650 testimonium
982 2584 1038 2650 hm
1052 2585 1169 2652 litteras
1185 2605 1303 2654 nostras
1317 2587 1384 2654 fieri
1406 2589 1536 2656 fecimus
1550 2602 1700 2676 patentes.

318 2690 411 2756 Teste
435 2689 549 2756 dilecto
571 2689 748 2756 consiliario
771 2705 875 2756 nostro
891 2691 1055 2756 Leonsrdo
1079 2692 1167 2780 Gray
1181 2692 1281 2760 milite
1299 2694 1426 2759 domino
1451 2694 1538 2783 Gray
1553 2695 1701 2784 deputato

318 2811 420 2862 nostro
445 2809 526 2862 terre
547 2810 580 2860 et
603 2794 734 2860 dominii
760 2796 857 2862 nostri
884 2795 1038 2862 Hibemie
1065 2797 1149 2885 apud
1175 2796 1297 2865 Dublin
1320 2798 1469 2865 vicesimo
1492 2800 1625 2887 septimo
1648 2799 1700 2866 die

317 2903 503 2970 Novembris
518 2927 599 2970 anno
611 2903 701 2992 regni
716 2903 813 2970 nostri
828 2903 1213 2972 tricesimo-Recordare
1227 2905 1322 2984 Book,
1338 2929 1390 2994 pp.
1401 2928 1461 2994 52-
1465 2928 1482 2994 5
1486 2929 1515 2994 5.

972 3121 1042 3192 XI.

791 3307 914 3404 [ulam
930 3317 958 3376 rt
975 3305 1237 3406 austriacas]

316 3493 473 3668 TErre
487 3510 520 3563 et
534 3494 738 3585 possessiones
753 3492 906 3559 Omnium
915 3493 1100 3560 Sanctorum
1111 3519 1153 3561 ex
1162 3495 1368 3581 inquisicione
1378 3511 1468 3584 capta
1477 3495 1561 3584 apud
1572 3495 1696 3562 Swords

428 3607 462 3672 in
476 3605 554 3671 festo
579 3599 687 3669 Sancti
702 3600 831 3665 Andree
846 3599 993 3687 Apostoli
1022 3623 1104 3666 anno
1127 3611 1212 3664 xxx⁰
1234 3599 1367 3665 Henrici
1389 3601 1491 3666 octavi
1517 3615 1696 3666 remanente

312 3715 344 3778 in
367 3709 470 3780 officio
491 3706 631 3796 capitalis
645 3704 892 3772 rememoratoris
905 3704 975 3770 viz‘.
1595 3699 1600 3706 '

374 3817 497 3882 Domus
518 3813 594 3879 situs
609 3812 756 3878 circuitus
772 3813 905 3879 ambitus
920 3827 953 3878 et
966 3812 1143 3901 precinctus
1162 3812 1314 3900 prioratus
1336 3813 1401 3879 sive
1417 3813 1528 3880 domus
1549 3813 1694 3902 religiose

314 3922 467 3990 Omnium
492 3919 677 3986 Sanctorum
692 3918 831 4006 predicte
847 3918 1014 3984 duodecim
1030 3943 1099 3985 acre
1122 3919 1202 4006 prati
1218 3943 1332 3984 novem
1354 3943 1424 3985 acre
1446 3932 1611 4008 pastureet
1626 3943 1695 4010 sep-

311 4045 374 4098 tem
396 4027 535 4117 pomaria
559 4049 631 4092 cum
654 4025 854 4113 pertinenciis
878 4025 912 4091 in
933 4026 991 4092 All
1011 4025 1159 4092 hallowes
1178 4027 1275 4112 juxta
1293 4025 1454 4092 civitatem
1471 4024 1595 4090 Dublin
1617 4051 1693 4112 qna-

312 4137 455 4226 draginta
469 4157 538 4201 acre
553 4147 634 4198 terre
649 4157 721 4198 cnm
743 4133 944 4222 pertinenciis
958 4133 993 4199 in
1008 4133 1218 4200 Donabroolre
1233 4158 1290 4200 sex
1304 4132 1478 4222 messuagia
1491 4157 1547 4198 sex
1562 4133 1694 4222 gardins

310 4259 341 4310 et
355 4243 418 4308 duo
440 4239 580 4328 pomaria
593 4264 665 4306 curn
687 4239 888 4327 pertinenciis
902 4241 936 4306 in
951 4240 1073 4308 Dublin
1095 4255 1228 4327 quatuor
1242 4240 1415 4328 messuagia
1429 4239 1600 4305 ducentum
1623 4265 1692 4306 aere

309 4363 389 4414 terre
403 4369 517 4411 novem
541 4367 611 4409 aere
626 4344 706 4432 prati
730 4344 889 4411 sexdecim
912 4369 981 4412 acre
1006 4357 1130 4433 pastura
1144 4359 1177 4412 et
1190 4361 1252 4412 tres
1275 4369 1344 4411 acre
1367 4343 1510 4410 subbosci
1525 4369 1597 4410 cum
1621 4369 1690 4433 per-

311 4450 453 4520 tinenciis
467 4449 502 4515 in
517 4447 703 4516 Ballicullan
719 4448 782 4514 duo
803 4447 978 4537 messuagio
999 4447 1059 4514 tria
1073 4449 1207 4537 cottagia
1222 4448 1381 4537 octoginta
1402 4448 1511 4514 decem
1526 4472 1595 4514 acre
1611 4463 1690 4515 terre

1552 4578 1690 4642 qumque
