4368 5408
1157 872 1204 942 11.

907 1053 1097 1154 [utrumn
1115 1055 1412 1156 protutulerunt]

549 1245 667 1311 Homas
682 1244 884 1333 permissione
903 1243 1012 1311 divine
1027 1245 1150 1312 Dublin
1169 1245 1419 1335 archiepiscopus
1434 1247 1556 1313 dilectis
1571 1246 1660 1313 nobis
1681 1246 1715 1311 in
1731 1245 1857 1313 Christo

568 1350 719 1438 religiosis
735 1349 810 1414 viris
829 1347 931 1414 Priori
957 1363 990 1416 et
1015 1350 1186 1415 conventui
1210 1349 1363 1438 prioratus
1383 1351 1535 1418 Omnium
1558 1351 1744 1417 Sanctorum
1763 1351 1859 1437 juxto

466 1459 590 1523 Dublin
611 1455 729 1522 ordinis
751 1455 859 1522 Sancti
878 1455 1054 1544 Augustini
1074 1455 1206 1521 salutem
1230 1456 1367 1544 graciam
1394 1470 1427 1522 et
1448 1455 1714 1523 benediccionem.
1762 1457 1860 1542 [Here

455 1566 576 1650 follows
599 1563 659 1627 No.
676 1561 874 1626 LXXXIX.
891 1563 929 1648 ⁰f
945 1562 992 1628 tlte
1006 1562 1224 1648 Raptim-⁴⁶
1235 1560 1363 1626 Divinis
1377 1561 1523 1640 cultibus,
1549 1613 1653 1628 .....
1677 1562 1763 1648 quod
1784 1562 1860 1629 licet

465 1673 504 1736 sb
521 1667 651 1754 antiquo
666 1665 826 1730 Priorstus
841 1679 943 1730 vester
960 1715 1065 1730 .....
1088 1665 1344 1753 Archiepiscopis
1368 1716 1472 1731 .....
1495 1665 1722 1731 visitis-cionem
1737 1667 1858 1733 ordina·

464 1777 543 1841 riam
560 1761 570 1838 J
585 1825 592 1837 .
609 1825 615 1837 .
633 1825 640 1836 .
658 1823 664 1836 .
681 1769 862 1860 procuratio
877 1782 1005 1836 centum
1020 1767 1191 1836 solidorum
1207 1770 1328 1859 argenti
1350 1783 1473 1836 tanturn
1495 1771 1626 1860 singulis
1641 1771 1730 1838 ermis
1745 1773 1858 1858 quibus

465 1883 508 1948 sic
531 1879 693 1944 visitarent
714 1875 858 1942 exhiberi
887 1876 1007 1942 solebat
1008 1923 1138 1941 ......
1184 1875 1250 1941 Nos
1272 1889 1373 1942 vestre
1399 1876 1576 1964 paupertati
1599 1877 1779 1963 hujusmodi
1805 1878 1859 1967 pio

463 1984 691 2073 compacientes
707 1979 1038 2046 affectu—diffinimus
1049 1992 1082 2045 et
1092 1979 1271 2046 ordinamus
1287 1980 1326 2045 de
1342 1980 1553 2068 predictorum
1568 1981 1776 2070 capitulorum
1790 2007 1859 2048 nos-

466 2109 585 2157 trorum
601 2089 731 2156 oonsilio
753 2102 785 2152 et
800 2109 922 2151 assensu
938 2106 1085 2172 expresso
1100 2083 1135 2148 in
1149 2083 1211 2148 hiis
1225 2084 1349 2173 scriptis
1371 2084 1554 2150 auctoritate
1578 2101 1684 2151 nostro
1704 2087 1860 2153 ordinaria

466 2215 498 2264 et
520 2195 692 2286 pontificali
715 2217 756 2259 ne
779 2193 862 2258 ultra
883 2216 940 2257 sex
962 2215 1081 2256 marcas
1103 2191 1224 2280 argenti
1246 2192 1280 2256 in
1302 2191 1525 2280 procuracione
1547 2191 1688 2278 predicta
1717 2215 1773 2257 vos
1805 2206 1860 2257 snt

466 2317 624 2381 Priorstus
636 2327 738 2378 vester
753 2312 804 2376 vel
819 2335 1009 2377 successores
1024 2311 1120 2376 vestri
1134 2311 1225 2377 nobis
1234 2325 1289 2377 sut
1302 2313 1528 2378 successoribus
1543 2311 1655 2376 nostris
1666 2311 1731 2378 sitis
1743 2312 1858 2398 aliqua-

351 2477 354 2485 .
463 2427 536 2494 liter
558 2429 688 2518 obligati
714 2443 760 2494 set
784 2426 1006 2516 procuracione
1021 2451 1077 2494 sex
1092 2451 1266 2493 marceium
1281 2428 1402 2516 argenti
1417 2428 1513 2494 simus
1528 2453 1584 2516 pro
1599 2444 1738 2517 ternpore
1753 2445 1858 2495 nostro

464 2551 496 2599 et
510 2535 625 2624 singuli
641 2558 852 2601 successorum
867 2547 1044 2598 nostrorum
1059 2556 1116 2620 pro
1132 2533 1195 2598 suis
1209 2533 1403 2622 temporibus
1424 2549 1577 2622 perpetuo
1592 2535 1655 2599 sint
1669 2534 1836 2601 contenti.”

528 2641 567 2705 In
580 2641 672 2727 cujus
687 2640 731 2705 rei
751 2636 966 2704 testimonium
980 2636 1084 2726 sigilla
1104 2639 1285 2705 eommunis
1303 2639 1512 2728 capitulorum
1531 2655 1707 2706 nostrorum
1721 2665 1857 2707 unacum

466 2746 570 2834 sigillo
597 2746 730 2835 predicti
754 2743 941 2810 venerabilis
966 2742 1063 2832 putris
1088 2743 1284 2831 presentibus
1307 2756 1381 2808 sunt
1405 2769 1550 2832 appensa.
1588 2745 1708 2811 Datum
1733 2745 1857 2813 Dublin

463 2869 573 2918 octavo
598 2853 649 2918 die
673 2851 788 2917 mensis
821 2849 934 2914 Marcii
960 2873 1042 2914 enno
1066 2847 1187 2913 domini
1210 2849 1379 2915 milessimo
1401 2849 1713 2940 quadrengentesimo
1736 2851 1858 2918 decimo

464 2958 784 3024 sexto-Recorder’s
798 2954 895 3031 Book,
911 2978 964 3042 pp.
981 2960 1139 3040 384-387.

1026 3249 1027 3252 ,
1131 3167 1198 3242 ΙΠ.

941 3351 1104 3452 [tusone
1121 3353 1381 3454 distentionis]

551 3549 704 3615 vaerdus
719 3547 771 3613 dei
786 3544 890 3634 gracia
904 3567 962 3610 rex
977 3543 1096 3632 Anglie
1111 3555 1143 3609 et
1169 3540 1301 3607 Francis
1320 3554 1352 3606 et
1372 3541 1518 3607 dominus
1538 3543 1693 3611 Hibernis
1712 3545 1858 3612 omnibus

570 3658 610 3723 ad
621 3681 698 3743 quos
712 3667 869 3744 presentes
882 3653 986 3717 littere
998 3649 1198 3739 pervenerint
1217 3649 1348 3714 salutem
1372 3648 1572 3735 Inspeximus
1584 3651 1741 3735 quendem
1752 3666 1857 3716 scttrm

464 3765 529 3830 sive
554 3764 786 3828 ordinacionem
810 3761 844 3825 in
859 3760 1064 3848 parliamento
1088 3773 1193 3824 nostro
1216 3757 1301 3844 apud
1323 3756 1354 3821 le
1377 3757 1460 3822 Nsss
1481 3756 1533 3822 die
1555 3757 1690 3823 Veneris
1711 3759 1857 3846 proxime

464 3885 535 3936 unte
565 3871 678 3936 festum
708 3883 811 3934 sancte
837 3865 1008 3932 Petronille
1037 3864 1170 3954 virginis
1199 3864 1312 3929 ultimo
1342 3863 1526 3950 preteritum
1553 3887 1657 3928 coram
1683 3863 1856 3952 predilecto

464 3973 697 4061 consanguineo
720 3985 825 4036 nostro
851 3968 988 4035 Gereldo
1013 3967 1128 4034 comite
1153 3965 1296 4032 Killdare
1321 3964 1497 4051 justieisrio
1519 3981 1625 4032 nostro
1648 3981 1729 4034 terre
1753 3981 1856 4034 nostre

465 4081 619 4146 Hibernis
643 4093 731 4144 tento
755 4103 790 4144 sc
815 4077 933 4142 ibidem
960 4089 993 4141 et
1018 4074 1093 4141 alibi
1121 4073 1252 4140 diversis
1277 4073 1400 4140 vicibus
1422 4089 1588 4162 prorogato
1613 4075 1796 4142 continuato
1825 4091 1857 4142 et

465 4187 629 4272 adjumato
644 4209 702 4250 nec
716 4207 781 4248 non
795 4182 912 4248 exinde
928 4181 968 4248 ed
982 4180 1091 4246 villam
1110 4180 1150 4246 de
1166 4180 1278 4247 Consll
1301 4179 1353 4245 die
1374 4180 1465 4245 Lune
1484 4179 1630 4268 proximo
1652 4196 1723 4269 post
1743 4181 1855 4247 festum

464 4293 636 4358 nativitatis
650 4293 740 4358 beate
756 4290 857 4356 Meris
872 4289 1003 4378 virginis
1019 4303 1095 4355 tuno
1110 4288 1255 4377 proxime
1272 4312 1403 4374 sequens
1421 4289 1582 4374 odjornsto
1596 4289 1657 4377 [et]
1674 4289 1856 4356 continuato

464 4424 500 4464 ac
524 4398 642 4465 ibidem
666 4397 787 4463 editum
810 4395 844 4459 in
862 4395 922 4460 hec
947 4396 1043 4461 verbs
1059 4430 1065 4446 ·
1079 4395 1160 4460 Item
1186 4394 1216 4459 al
1237 4393 1451 4481 supplicacion
1471 4395 1510 4461 de
1524 4394 1669 4460 Willism
1687 4394 1800 4461 Priour
1816 4395 1855 4462 de

465 4525 590 4572 mouson
610 4504 649 4570 de
669 4519 741 4569 touz
763 4501 866 4569 Scints
884 4502 963 4587 juxt
985 4500 1127 4588 Divelyn
1146 4513 1179 4566 et
1199 4501 1228 4566 le
1252 4514 1388 4566 convent
1413 4499 1457 4566 du
1480 4525 1596 4568 mesme
1621 4502 1783 4591 seignours
1805 4501 1856 4567 del

1780 4607 1855 4672 ville
