<?xml version="1.0" encoding="UTF-8"?>
<!DOCTYPE html PUBLIC "-//W3C//DTD XHTML 1.0 Transitional//EN"
    "http://www.w3.org/TR/xhtml1/DTD/xhtml1-transitional.dtd">
<html xmlns="http://www.w3.org/1999/xhtml" xml:lang="en" lang="en">
 <head>
  <title>
</title>
<meta http-equiv="Content-Type" content="text/html;charset=utf-8" />
  <meta name='ocr-system' content='tesseract 3.04.00' />
  <meta name='ocr-capabilities' content='ocr_page ocr_carea ocr_par ocr_line ocrx_word'/>
</head>
<body>
  <div class='ocr_page' id='page_1' title='image "./registrumpriora00librgoog_0110.png"; bbox 0 0 4284 5412; ppageno 0'>
   <div class='ocr_carea' id='block_1_1' title="bbox 1039 616 1083 690">
    <p class='ocr_par' dir='ltr' id='par_1_1' title="bbox 1039 616 1083 690">
     <span class='ocr_line' id='line_1_1' title="bbox 1039 616 1083 690; baseline 0 0"><span class='ocrx_word' id='word_1_1' title='bbox 1039 616 1083 690; x_wconf 88' lang='lat'>27</span> 
     </span>
    </p>
   </div>
   <div class='ocr_carea' id='block_1_2' title="bbox 366 773 1759 2354">
    <p class='ocr_par' dir='ltr' id='par_1_2' title="bbox 366 773 1759 1078">
     <span class='ocr_line' id='line_1_2' title="bbox 366 773 1758 866; baseline -0.001 -22"><span class='ocrx_word' id='word_1_2' title='bbox 366 801 409 844; x_wconf 88' lang='lat' dir='ltr'>ex</span> <span class='ocrx_word' id='word_1_3' title='bbox 428 789 516 866; x_wconf 83' lang='lat' dir='ltr'>parte</span> <span class='ocrx_word' id='word_1_4' title='bbox 535 777 678 845; x_wconf 70' lang='lat' dir='ltr'>orientali</span> <span class='ocrx_word' id='word_1_5' title='bbox 698 801 797 866; x_wconf 91' lang='lat' dir='ltr'>usque</span> <span class='ocrx_word' id='word_1_6' title='bbox 816 791 931 846; x_wconf 88' lang='lat' dir='ltr'>terram</span> <span class='ocrx_word' id='word_1_7' title='bbox 951 779 1059 846; x_wconf 87' lang='lat' dir='ltr'>Sancti</span> <span class='ocrx_word' id='word_1_8' title='bbox 1073 775 1203 844; x_wconf 86' lang='lat' dir='ltr'>Patricii</span> <span class='ocrx_word' id='word_1_9' title='bbox 1218 775 1342 842; x_wconf 88' lang='lat' dir='ltr'>Dublin</span> <span class='ocrx_word' id='word_1_10' title='bbox 1358 813 1364 827; x_wconf 93' lang='lat'><strong>·</strong></span> <span class='ocrx_word' id='word_1_11' title='bbox 1380 773 1539 842; x_wconf 79' lang='lat' dir='ltr'>habendas</span> <span class='ocrx_word' id='word_1_12' title='bbox 1558 789 1591 841; x_wconf 89' lang='lat' dir='ltr'>et</span> <span class='ocrx_word' id='word_1_13' title='bbox 1608 776 1758 842; x_wconf 84' lang='lat' dir='ltr'>tenendas</span> 
     </span>
     <span class='ocr_line' id='line_1_3' title="bbox 368 881 1759 972; baseline 0 -24"><span class='ocrx_word' id='word_1_14' title='bbox 368 883 464 950; x_wconf 82' lang='lat' dir='ltr'>dictes</span> <span class='ocrx_word' id='word_1_15' title='bbox 475 897 571 950; x_wconf 85' lang='lat' dir='ltr'>terras</span> <span class='ocrx_word' id='word_1_16' title='bbox 585 907 658 950; x_wconf 90' lang='lat' dir='ltr'>cum</span> <span class='ocrx_word' id='word_1_17' title='bbox 672 907 779 950; x_wconf 87' lang='lat' dir='ltr'>carum</span> <span class='ocrx_word' id='word_1_18' title='bbox 793 883 995 972; x_wconf 79' lang='lat' dir='ltr'>pertinenciis</span> <span class='ocrx_word' id='word_1_19' title='bbox 1009 881 1154 950; x_wconf 90' lang='lat' dir='ltr'>omnibus</span> <span class='ocrx_word' id='word_1_20' title='bbox 1169 882 1229 949; x_wconf 85' lang='lat' dir='ltr'>sibi</span> <span class='ocrx_word' id='word_1_21' title='bbox 1243 895 1277 948; x_wconf 89' lang='lat' dir='ltr'>et</span> <span class='ocrx_word' id='word_1_22' title='bbox 1290 882 1515 950; x_wconf 84' lang='lat' dir='ltr'>successoribus</span> <span class='ocrx_word' id='word_1_23' title='bbox 1529 881 1593 948; x_wconf 90' lang='lat' dir='ltr'>suis</span> <span class='ocrx_word' id='word_1_24' title='bbox 1607 883 1646 948; x_wconf 92' lang='lat' dir='ltr'>de</span> <span class='ocrx_word' id='word_1_25' title='bbox 1661 907 1711 950; x_wconf 91' lang='lat' dir='ltr'>me</span> <span class='ocrx_word' id='word_1_26' title='bbox 1726 899 1759 949; x_wconf 87' lang='lat' dir='ltr'>et</span> 
     </span>
     <span class='ocr_line' id='line_1_4' title="bbox 369 987 1250 1078; baseline -0.007 -20"><span class='ocrx_word' id='word_1_27' title='bbox 369 992 535 1060; x_wconf 84' lang='lat' dir='ltr'>heredibus</span> <span class='ocrx_word' id='word_1_28' title='bbox 549 992 626 1057; x_wconf 89' lang='lat' dir='ltr'>meis</span> <span class='ocrx_word' id='word_1_29' title='bbox 640 991 738 1057; x_wconf 89' lang='lat' dir='ltr'>libere</span> <span class='ocrx_word' id='word_1_30' title='bbox 753 1005 786 1057; x_wconf 91' lang='lat' dir='ltr'>et</span> <span class='ocrx_word' id='word_1_31' title='bbox 799 989 905 1077; x_wconf 88' lang='lat' dir='ltr'>quiete</span> <span class='ocrx_word' id='word_1_32' title='bbox 919 989 1042 1078; x_wconf 78' lang='lat' dir='ltr'>integre</span> <span class='ocrx_word' id='word_1_33' title='bbox 1056 1002 1089 1055; x_wconf 89' lang='lat' dir='ltr'>et</span> <span class='ocrx_word' id='word_1_34' title='bbox 1102 987 1250 1076; x_wconf 83' lang='lat' dir='ltr'>plenarie.</span> 
     </span>
    </p>

    <p class='ocr_par' dir='ltr' id='par_1_3' title="bbox 369 1094 1758 2354">
     <span class='ocr_line' id='line_1_5' title="bbox 430 1094 1757 1186; baseline -0.003 -22"><span class='ocrx_word' id='word_1_35' title='bbox 430 1098 605 1164; x_wconf 83' lang='lat' dir='ltr'>Reddendo</span> <span class='ocrx_word' id='word_1_36' title='bbox 628 1097 702 1164; x_wconf 91' lang='lat' dir='ltr'>inde</span> <span class='ocrx_word' id='word_1_37' title='bbox 725 1097 786 1186; x_wconf 91' lang='lat' dir='ltr'>ipsi</span> <span class='ocrx_word' id='word_1_38' title='bbox 809 1111 842 1164; x_wconf 91' lang='lat' dir='ltr'>et</span> <span class='ocrx_word' id='word_1_39' title='bbox 861 1120 1049 1164; x_wconf 88' lang='lat' dir='ltr'>successores</span> <span class='ocrx_word' id='word_1_40' title='bbox 1073 1097 1122 1162; x_wconf 89' lang='lat' dir='ltr'>sui</span> <span class='ocrx_word' id='word_1_41' title='bbox 1141 1095 1220 1160; x_wconf 93' lang='lat' dir='ltr'>mihi</span> <span class='ocrx_word' id='word_1_42' title='bbox 1246 1107 1279 1161; x_wconf 90' lang='lat' dir='ltr'>et</span> <span class='ocrx_word' id='word_1_43' title='bbox 1294 1094 1462 1161; x_wconf 84' lang='lat' dir='ltr'>heredibus</span> <span class='ocrx_word' id='word_1_44' title='bbox 1487 1094 1566 1162; x_wconf 91' lang='lat' dir='ltr'>meis</span> <span class='ocrx_word' id='word_1_45' title='bbox 1587 1117 1687 1160; x_wconf 90' lang='lat' dir='ltr'>unum</span> <span class='ocrx_word' id='word_1_46' title='bbox 1701 1119 1757 1182; x_wconf 89' lang='lat' dir='ltr'>par</span> 
     </span>
     <span class='ocr_line' id='line_1_6' title="bbox 371 1200 1757 1294; baseline -0.005 -22"><span class='ocrx_word' id='word_1_47' title='bbox 371 1206 506 1272; x_wconf 86' lang='lat' dir='ltr'>albarum</span> <span class='ocrx_word' id='word_1_48' title='bbox 535 1205 772 1294; x_wconf 85' lang='lat' dir='ltr'>cyrothecarum</span> <span class='ocrx_word' id='word_1_49' title='bbox 796 1206 848 1272; x_wconf 89' lang='lat' dir='ltr'>vel</span> <span class='ocrx_word' id='word_1_50' title='bbox 872 1229 972 1272; x_wconf 86' lang='lat' dir='ltr'>unum</span> <span class='ocrx_word' id='word_1_51' title='bbox 996 1205 1158 1272; x_wconf 86' lang='lat' dir='ltr'>denarium</span> <span class='ocrx_word' id='word_1_52' title='bbox 1180 1203 1221 1270; x_wconf 91' lang='lat' dir='ltr'>ad</span> <span class='ocrx_word' id='word_1_53' title='bbox 1240 1203 1339 1270; x_wconf 85' lang='lat' dir='ltr'>Passa</span> <span class='ocrx_word' id='word_1_54' title='bbox 1359 1240 1365 1254; x_wconf 93' lang='lat'>·</span> <span class='ocrx_word' id='word_1_55' title='bbox 1387 1215 1419 1267; x_wconf 88' lang='lat' dir='ltr'>ct</span> <span class='ocrx_word' id='word_1_56' title='bbox 1438 1201 1605 1268; x_wconf 86' lang='lat' dir='ltr'>heredibus</span> <span class='ocrx_word' id='word_1_57' title='bbox 1624 1200 1757 1267; x_wconf 87' lang='lat' dir='ltr'>chrici</span> 
     </span>
     <span class='ocr_line' id='line_1_7' title="bbox 371 1308 1757 1402; baseline -0.002 -25"><span class='ocrx_word' id='word_1_58' title='bbox 371 1311 536 1400; x_wconf 88' lang='lat' dir='ltr'>Dubelday</span> <span class='ocrx_word' id='word_1_59' title='bbox 559 1337 616 1378; x_wconf 87' lang='lat' dir='ltr'>sex</span> <span class='ocrx_word' id='word_1_60' title='bbox 638 1313 780 1379; x_wconf 86' lang='lat' dir='ltr'>denarios</span> <span class='ocrx_word' id='word_1_61' title='bbox 804 1313 924 1402; x_wconf 85' lang='lat' dir='ltr'>argenti</span> <span class='ocrx_word' id='word_1_62' title='bbox 950 1313 991 1380; x_wconf 89' lang='lat' dir='ltr'>ad</span> <span class='ocrx_word' id='word_1_63' title='bbox 1005 1313 1083 1378; x_wconf 92' lang='lat' dir='ltr'>duos</span> <span class='ocrx_word' id='word_1_64' title='bbox 1106 1311 1255 1378; x_wconf 87' lang='lat' dir='ltr'>terminos</span> <span class='ocrx_word' id='word_1_65' title='bbox 1278 1310 1352 1377; x_wconf 88' lang='lat' dir='ltr'>anni</span> <span class='ocrx_word' id='word_1_66' title='bbox 1369 1349 1375 1362; x_wconf 91' lang='lat'><strong>·</strong></span> <span class='ocrx_word' id='word_1_67' title='bbox 1391 1310 1540 1376; x_wconf 86' lang='lat' dir='ltr'>videlicet</span> <span class='ocrx_word' id='word_1_68' title='bbox 1557 1308 1757 1376; x_wconf 78' lang='lat' dir='ltr'>medietatem</span> 
     </span>
     <span class='ocr_line' id='line_1_8' title="bbox 370 1415 1755 1504; baseline -0.003 -20"><span class='ocrx_word' id='word_1_69' title='bbox 370 1418 406 1484; x_wconf 85' lang='lat' dir='ltr'>ad</span> <span class='ocrx_word' id='word_1_70' title='bbox 419 1418 534 1484; x_wconf 87' lang='lat' dir='ltr'>festum</span> <span class='ocrx_word' id='word_1_71' title='bbox 551 1419 658 1485; x_wconf 88' lang='lat' dir='ltr'>Sancti</span> <span class='ocrx_word' id='word_1_72' title='bbox 674 1419 839 1486; x_wconf 90' lang='lat' dir='ltr'>Michaelis</span> <span class='ocrx_word' id='word_1_73' title='bbox 853 1433 886 1485; x_wconf 89' lang='lat' dir='ltr'>et</span> <span class='ocrx_word' id='word_1_74' title='bbox 899 1419 992 1486; x_wconf 87' lang='lat' dir='ltr'>aliam</span> <span class='ocrx_word' id='word_1_75' title='bbox 1007 1418 1207 1485; x_wconf 77' lang='lat' dir='ltr'>medietatem</span> <span class='ocrx_word' id='word_1_76' title='bbox 1221 1417 1262 1484; x_wconf 90' lang='lat' dir='ltr'>ad</span> <span class='ocrx_word' id='word_1_77' title='bbox 1276 1417 1389 1483; x_wconf 84' lang='lat' dir='ltr'>festum</span> <span class='ocrx_word' id='word_1_78' title='bbox 1404 1417 1524 1482; x_wconf 87' lang='lat' dir='ltr'>Pasche</span> <span class='ocrx_word' id='word_1_79' title='bbox 1539 1440 1596 1504; x_wconf 89' lang='lat' dir='ltr'>pro</span> <span class='ocrx_word' id='word_1_80' title='bbox 1611 1415 1755 1481; x_wconf 90' lang='lat' dir='ltr'>omnibus</span> 
     </span>
     <span class='ocr_line' id='line_1_9' title="bbox 370 1525 1757 1616; baseline 0.001 -26"><span class='ocrx_word' id='word_1_81' title='bbox 370 1525 527 1590; x_wconf 79' lang='lat' dir='ltr'>domandis</span> <span class='ocrx_word' id='word_1_82' title='bbox 549 1537 581 1592; x_wconf 91' lang='lat' dir='ltr'>et</span> <span class='ocrx_word' id='word_1_83' title='bbox 596 1525 716 1592; x_wconf 88' lang='lat' dir='ltr'>cunctis</span> <span class='ocrx_word' id='word_1_84' title='bbox 734 1528 837 1592; x_wconf 90' lang='lat' dir='ltr'>rebus.</span> <span class='ocrx_word' id='word_1_85' title='bbox 868 1526 939 1614; x_wconf 85' lang='lat' dir='ltr'>Ego</span> <span class='ocrx_word' id='word_1_86' title='bbox 954 1551 1029 1593; x_wconf 89' lang='lat' dir='ltr'>vero</span> <span class='ocrx_word' id='word_1_87' title='bbox 1043 1527 1254 1616; x_wconf 86' lang='lat' dir='ltr'>Baldevvynus</span> <span class='ocrx_word' id='word_1_88' title='bbox 1276 1541 1309 1592; x_wconf 88' lang='lat' dir='ltr'>et</span> <span class='ocrx_word' id='word_1_89' title='bbox 1322 1526 1451 1592; x_wconf 87' lang='lat' dir='ltr'>heredes</span> <span class='ocrx_word' id='word_1_90' title='bbox 1470 1526 1535 1592; x_wconf 90' lang='lat' dir='ltr'>mei</span> <span class='ocrx_word' id='word_1_91' title='bbox 1549 1527 1647 1592; x_wconf 89' lang='lat' dir='ltr'>dictas</span> <span class='ocrx_word' id='word_1_92' title='bbox 1661 1541 1757 1592; x_wconf 85' lang='lat' dir='ltr'>terras</span> 
     </span>
     <span class='ocr_line' id='line_1_10' title="bbox 369 1632 1757 1719; baseline 0 -21"><span class='ocrx_word' id='word_1_93' title='bbox 369 1632 492 1719; x_wconf 87' lang='lat' dir='ltr'>prefatis</span> <span class='ocrx_word' id='word_1_94' title='bbox 515 1634 672 1700; x_wconf 89' lang='lat' dir='ltr'>canonicis</span> <span class='ocrx_word' id='word_1_95' title='bbox 700 1647 864 1701; x_wconf 87' lang='lat' dir='ltr'>eteorum</span> <span class='ocrx_word' id='word_1_96' title='bbox 893 1635 1119 1703; x_wconf 88' lang='lat' dir='ltr'>successoribus</span> <span class='ocrx_word' id='word_1_97' title='bbox 1147 1648 1255 1701; x_wconf 88' lang='lat' dir='ltr'>contra</span> <span class='ocrx_word' id='word_1_98' title='bbox 1280 1658 1387 1700; x_wconf 91' lang='lat' dir='ltr'>omnes</span> <span class='ocrx_word' id='word_1_99' title='bbox 1410 1633 1552 1700; x_wconf 90' lang='lat' dir='ltr'>homines</span> <span class='ocrx_word' id='word_1_100' title='bbox 1575 1647 1608 1699; x_wconf 89' lang='lat' dir='ltr'>et</span> <span class='ocrx_word' id='word_1_101' title='bbox 1628 1633 1757 1699; x_wconf 88' lang='lat' dir='ltr'>feminas</span> 
     </span>
     <span class='ocr_line' id='line_1_11' title="bbox 369 1737 1756 1828; baseline 0.001 -25"><span class='ocrx_word' id='word_1_102' title='bbox 369 1737 504 1825; x_wconf 73' lang='lat' dir='ltr'>plenarie</span> <span class='ocrx_word' id='word_1_103' title='bbox 522 1739 792 1806; x_wconf 80' lang='lat' dir='ltr'>warantizabimus</span> <span class='ocrx_word' id='word_1_104' title='bbox 807 1739 841 1804; x_wconf 89' lang='lat' dir='ltr'>in</span> <span class='ocrx_word' id='word_1_105' title='bbox 856 1753 1052 1828; x_wconf 90' lang='lat' dir='ltr'>perpetuum.</span> <span class='ocrx_word' id='word_1_106' title='bbox 1096 1739 1144 1808; x_wconf 90' lang='lat' dir='ltr'>Ut</span> <span class='ocrx_word' id='word_1_107' title='bbox 1165 1753 1271 1806; x_wconf 85' lang='lat' dir='ltr'>autem</span> <span class='ocrx_word' id='word_1_108' title='bbox 1285 1740 1344 1806; x_wconf 89' lang='lat' dir='ltr'>hec</span> <span class='ocrx_word' id='word_1_109' title='bbox 1363 1763 1433 1806; x_wconf 90' lang='lat' dir='ltr'>mea</span> <span class='ocrx_word' id='word_1_110' title='bbox 1447 1739 1579 1806; x_wconf 87' lang='lat' dir='ltr'>donacio</span> <span class='ocrx_word' id='word_1_111' title='bbox 1594 1752 1626 1804; x_wconf 88' lang='lat' dir='ltr'>et</span> <span class='ocrx_word' id='word_1_112' title='bbox 1644 1739 1756 1804; x_wconf 88' lang='lat' dir='ltr'>confir·</span> 
     </span>
     <span class='ocr_line' id='line_1_12' title="bbox 369 1842 1757 1932; baseline -0.002 -22"><span class='ocrx_word' id='word_1_113' title='bbox 369 1843 466 1910; x_wconf 89' lang='lat' dir='ltr'>macic</span> <span class='ocrx_word' id='word_1_114' title='bbox 480 1843 570 1910; x_wconf 89' lang='lat' dir='ltr'>fimra</span> <span class='ocrx_word' id='word_1_115' title='bbox 595 1857 628 1910; x_wconf 89' lang='lat' dir='ltr'>et</span> <span class='ocrx_word' id='word_1_116' title='bbox 650 1842 769 1911; x_wconf 91' lang='lat' dir='ltr'>stabilis</span> <span class='ocrx_word' id='word_1_117' title='bbox 791 1844 1019 1931; x_wconf 77' lang='lat' dir='ltr'>permaneatin</span> <span class='ocrx_word' id='word_1_118' title='bbox 1038 1857 1226 1932; x_wconf 88' lang='lat' dir='ltr'>perpetuum</span> <span class='ocrx_word' id='word_1_119' title='bbox 1247 1857 1422 1931; x_wconf 77' lang='lat' dir='ltr'>presentem</span> <span class='ocrx_word' id='word_1_120' title='bbox 1445 1857 1562 1910; x_wconf 89' lang='lat' dir='ltr'>cartam</span> <span class='ocrx_word' id='word_1_121' title='bbox 1584 1842 1679 1932; x_wconf 86' lang='lat' dir='ltr'>sigilli</span> <span class='ocrx_word' id='word_1_122' title='bbox 1694 1842 1757 1908; x_wconf 88' lang='lat' dir='ltr'>mei</span> 
     </span>
     <span class='ocr_line' id='line_1_13' title="bbox 369 1947 1758 2038; baseline 0.003 -26"><span class='ocrx_word' id='word_1_123' title='bbox 369 1948 566 2038; x_wconf 79' lang='lat' dir='ltr'>impressione</span> <span class='ocrx_word' id='word_1_124' title='bbox 578 1949 731 2015; x_wconf 73' lang='lat' dir='ltr'>roboravi.</span> <span class='ocrx_word' id='word_1_125' title='bbox 768 1948 842 2014; x_wconf 86' lang='lat' dir='ltr'>Hiis</span> <span class='ocrx_word' id='word_1_126' title='bbox 856 1948 986 2016; x_wconf 85' lang='lat' dir='ltr'>testibus</span> <span class='ocrx_word' id='word_1_127' title='bbox 998 1987 1005 2001; x_wconf 92' lang='lat'><strong>·</strong></span> <span class='ocrx_word' id='word_1_128' title='bbox 1019 1947 1155 2014; x_wconf 87' lang='lat' dir='ltr'>Ricardo</span> <span class='ocrx_word' id='word_1_129' title='bbox 1170 1947 1250 2014; x_wconf 88' lang='lat' dir='ltr'>Olof</span> <span class='ocrx_word' id='word_1_130' title='bbox 1259 1963 1335 2016; x_wconf 87' lang='lat' dir='ltr'>tunc</span> <span class='ocrx_word' id='word_1_131' title='bbox 1349 1949 1465 2035; x_wconf 82' lang='lat' dir='ltr'>majore</span> <span class='ocrx_word' id='word_1_132' title='bbox 1478 1949 1600 2018; x_wconf 91' lang='lat' dir='ltr'>Dublin</span> <span class='ocrx_word' id='word_1_133' title='bbox 1613 1989 1620 2002; x_wconf 93' lang='lat'><strong>·</strong></span> <span class='ocrx_word' id='word_1_134' title='bbox 1633 1951 1758 2016; x_wconf 87' lang='lat' dir='ltr'>Thoma</span> 
     </span>
     <span class='ocr_line' id='line_1_14' title="bbox 370 2053 1758 2144; baseline 0.002 -26"><span class='ocrx_word' id='word_1_135' title='bbox 370 2053 406 2118; x_wconf 90' lang='lat' dir='ltr'>de</span> <span class='ocrx_word' id='word_1_136' title='bbox 420 2053 644 2142; x_wconf 87' lang='lat' dir='ltr'>Wynchestria</span> <span class='ocrx_word' id='word_1_137' title='bbox 660 2092 666 2106; x_wconf 92' lang='lat'><em>·</em></span> <span class='ocrx_word' id='word_1_138' title='bbox 683 2054 807 2142; x_wconf 88' lang='lat' dir='ltr'>Rogero</span> <span class='ocrx_word' id='word_1_139' title='bbox 822 2054 862 2121; x_wconf 92' lang='lat' dir='ltr'>de</span> <span class='ocrx_word' id='word_1_140' title='bbox 876 2055 1054 2120; x_wconf 88' lang='lat' dir='ltr'>Asseborne</span> <span class='ocrx_word' id='word_1_141' title='bbox 1069 2068 1146 2120; x_wconf 89' lang='lat' dir='ltr'>tunc</span> <span class='ocrx_word' id='word_1_142' title='bbox 1160 2053 1324 2142; x_wconf 88' lang='lat' dir='ltr'>prepositis</span> <span class='ocrx_word' id='word_1_143' title='bbox 1337 2093 1344 2106; x_wconf 89' lang='lat'><strong>·</strong></span> <span class='ocrx_word' id='word_1_144' title='bbox 1357 2055 1535 2122; x_wconf 86' lang='lat' dir='ltr'>EliaBurel</span> <span class='ocrx_word' id='word_1_145' title='bbox 1545 2094 1551 2108; x_wconf 90' lang='lat'><strong>·</strong></span> <span class='ocrx_word' id='word_1_146' title='bbox 1563 2055 1713 2144; x_wconf 92' lang='lat' dir='ltr'>Philippo</span> <span class='ocrx_word' id='word_1_147' title='bbox 1728 2056 1758 2122; x_wconf 90' lang='lat' dir='ltr'>le</span> 
     </span>
     <span class='ocr_line' id='line_1_15' title="bbox 369 2155 1757 2244; baseline 0.004 -22"><span class='ocrx_word' id='word_1_148' title='bbox 369 2156 425 2222; x_wconf 88' lang='lat' dir='ltr'>Bel</span> <span class='ocrx_word' id='word_1_149' title='bbox 441 2193 448 2208; x_wconf 91' lang='lat'><strong>·</strong></span> <span class='ocrx_word' id='word_1_150' title='bbox 464 2156 633 2244; x_wconf 80' lang='lat' dir='ltr'>Radulpho</span> <span class='ocrx_word' id='word_1_151' title='bbox 648 2155 687 2222; x_wconf 92' lang='lat' dir='ltr'>de</span> <span class='ocrx_word' id='word_1_152' title='bbox 703 2155 869 2223; x_wconf 89' lang='lat' dir='ltr'>Linoolnia</span> <span class='ocrx_word' id='word_1_153' title='bbox 883 2195 890 2208; x_wconf 93' lang='lat'><strong>·</strong></span> <span class='ocrx_word' id='word_1_154' title='bbox 906 2157 1001 2224; x_wconf 87' lang='lat' dir='ltr'>Petro</span> <span class='ocrx_word' id='word_1_155' title='bbox 1015 2159 1156 2224; x_wconf 85' lang='lat' dir='ltr'>Abraam</span> <span class='ocrx_word' id='word_1_156' title='bbox 1172 2195 1179 2211; x_wconf 93' lang='lat'><strong>·</strong></span> <span class='ocrx_word' id='word_1_157' title='bbox 1195 2157 1359 2226; x_wconf 88' lang='lat' dir='ltr'>Willehno</span> <span class='ocrx_word' id='word_1_158' title='bbox 1383 2160 1496 2227; x_wconf 89' lang='lat' dir='ltr'>clerico</span> <span class='ocrx_word' id='word_1_159' title='bbox 1519 2161 1655 2228; x_wconf 89' lang='lat' dir='ltr'>civitatis</span> <span class='ocrx_word' id='word_1_160' title='bbox 1672 2200 1679 2214; x_wconf 90' lang='lat'><strong>·</strong></span> <span class='ocrx_word' id='word_1_161' title='bbox 1695 2163 1757 2228; x_wconf 86' lang='lat' dir='ltr'>Ra-</span> 
     </span>
     <span class='ocr_line' id='line_1_16' title="bbox 369 2263 945 2354; baseline 0.003 -26"><span class='ocrx_word' id='word_1_162' title='bbox 369 2263 486 2354; x_wconf 92' lang='lat' dir='ltr'>dulpho</span> <span class='ocrx_word' id='word_1_163' title='bbox 501 2264 541 2331; x_wconf 92' lang='lat' dir='ltr'>de</span> <span class='ocrx_word' id='word_1_164' title='bbox 557 2265 687 2354; x_wconf 88' lang='lat' dir='ltr'>Strigoil</span> <span class='ocrx_word' id='word_1_165' title='bbox 701 2278 734 2332; x_wconf 90' lang='lat' dir='ltr'>et</span> <span class='ocrx_word' id='word_1_166' title='bbox 747 2265 854 2331; x_wconf 91' lang='lat' dir='ltr'>multis</span> <span class='ocrx_word' id='word_1_167' title='bbox 869 2264 945 2331; x_wconf 81' lang='lat' dir='ltr'>aliis.</span> 
     </span>
    </p>
   </div>
   <div class='ocr_carea' id='block_1_3' title="bbox 1005 2517 1114 2589">
    <p class='ocr_par' dir='ltr' id='par_1_4' title="bbox 1005 2517 1114 2589">
     <span class='ocr_line' id='line_1_17' title="bbox 1005 2517 1114 2589; baseline -0.018 0"><span class='ocrx_word' id='word_1_168' title='bbox 1005 2517 1114 2589; x_wconf 90' lang='lat' dir='ltr'>XXI.</span> 
     </span>
    </p>
   </div>
   <div class='ocr_carea' id='block_1_4' title="bbox 358 2695 1756 2910">
    <p class='ocr_par' dir='ltr' id='par_1_5' title="bbox 358 2695 1756 2910">
     <span class='ocr_line' id='line_1_18' title="bbox 369 2695 1756 2802; baseline 0.004 -32"><span class='ocrx_word' id='word_1_169' title='bbox 369 2695 547 2771; x_wconf 70' lang='lat' dir='ltr'>oenotris</span> <span class='ocrx_word' id='word_1_170' title='bbox 574 2699 657 2772; x_wconf 79' lang='lat' dir='ltr'>fests</span> <span class='ocrx_word' id='word_1_171' title='bbox 684 2700 761 2776; x_wconf 83' lang='lat' dir='ltr'>ttrts</span> <span class='ocrx_word' id='word_1_172' title='bbox 790 2702 927 2777; x_wconf 74' lang='lat' dir='ltr'>urinis</span> <span class='ocrx_word' id='word_1_173' title='bbox 952 2697 1235 2802; x_wconf 60' lang='lat' dir='ltr'>milimindrum]</span> <span class='ocrx_word' id='word_1_174' title='bbox 1256 2702 1366 2792; x_wconf 66' lang='lat' dir='ltr'>ttrite</span> <span class='ocrx_word' id='word_1_175' title='bbox 1391 2703 1525 2777; x_wconf 73' lang='lat' dir='ltr'>sisinn</span> <span class='ocrx_word' id='word_1_176' title='bbox 1549 2702 1612 2778; x_wconf 83' lang='lat' dir='ltr'>sot</span> <span class='ocrx_word' id='word_1_177' title='bbox 1629 2702 1756 2779; x_wconf 72' lang='lat' dir='ltr'>tostillo</span> 
     </span>
     <span class='ocr_line' id='line_1_19' title="bbox 358 2813 1008 2910; baseline 0.011 -19"><span class='ocrx_word' id='word_1_178' title='bbox 358 2813 502 2894; x_wconf 55' lang='lat' dir='ltr'>§obtin</span> <span class='ocrx_word' id='word_1_179' title='bbox 519 2837 589 2894; x_wconf 85' lang='lat' dir='ltr'>ton</span> <span class='ocrx_word' id='word_1_180' title='bbox 606 2832 713 2897; x_wconf 78' lang='lat' dir='ltr'>tuton</span> <span class='ocrx_word' id='word_1_181' title='bbox 730 2823 854 2910; x_wconf 53' lang='lat' dir='ltr'>§antri</span> <span class='ocrx_word' id='word_1_182' title='bbox 870 2825 1008 2902; x_wconf 66' lang='lat' dir='ltr'>sniis.</span> 
     </span>
    </p>
   </div>
   <div class='ocr_carea' id='block_1_5' title="bbox 339 3006 1760 4564">
    <p class='ocr_par' dir='ltr' id='par_1_6' title="bbox 462 3006 1757 3102">
     <span class='ocr_line' id='line_1_20' title="bbox 462 3006 1757 3102; baseline 0.005 -30"><span class='ocrx_word' id='word_1_183' title='bbox 462 3006 604 3076; x_wconf 87' lang='lat' dir='ltr'>Niversis</span> <span class='ocrx_word' id='word_1_184' title='bbox 627 3021 732 3077; x_wconf 86' lang='lat' dir='ltr'>sancte</span> <span class='ocrx_word' id='word_1_185' title='bbox 751 3012 859 3078; x_wconf 86' lang='lat' dir='ltr'>matris</span> <span class='ocrx_word' id='word_1_186' title='bbox 877 3013 1007 3080; x_wconf 88' lang='lat' dir='ltr'>ecclesie</span> <span class='ocrx_word' id='word_1_187' title='bbox 1021 3013 1094 3078; x_wconf 89' lang='lat' dir='ltr'>liliis</span> <span class='ocrx_word' id='word_1_188' title='bbox 1108 3024 1265 3102; x_wconf 86' lang='lat' dir='ltr'>presentes</span> <span class='ocrx_word' id='word_1_189' title='bbox 1279 3011 1384 3078; x_wconf 84' lang='lat' dir='ltr'>literas</span> <span class='ocrx_word' id='word_1_190' title='bbox 1398 3012 1512 3078; x_wconf 89' lang='lat' dir='ltr'>visuris</span> <span class='ocrx_word' id='word_1_191' title='bbox 1532 3012 1583 3079; x_wconf 89' lang='lat' dir='ltr'>vel</span> <span class='ocrx_word' id='word_1_192' title='bbox 1597 3013 1757 3080; x_wconf 84' lang='lat' dir='ltr'>audituris.</span> 
     </span>
    </p>

    <p class='ocr_par' dir='ltr' id='par_1_7' title="bbox 339 3112 1760 3945">
     <span class='ocr_line' id='line_1_21' title="bbox 476 3112 1758 3205; baseline 0.006 -28"><span class='ocrx_word' id='word_1_193' title='bbox 476 3112 569 3178; x_wconf 90' lang='lat' dir='ltr'>Prior</span> <span class='ocrx_word' id='word_1_194' title='bbox 591 3125 624 3178; x_wconf 87' lang='lat' dir='ltr'>et</span> <span class='ocrx_word' id='word_1_195' title='bbox 645 3128 818 3180; x_wconf 88' lang='lat' dir='ltr'>conventus</span> <span class='ocrx_word' id='word_1_196' title='bbox 833 3115 986 3182; x_wconf 89' lang='lat' dir='ltr'>Omnium</span> <span class='ocrx_word' id='word_1_197' title='bbox 1008 3117 1194 3184; x_wconf 82' lang='lat' dir='ltr'>Sanctorum</span> <span class='ocrx_word' id='word_1_198' title='bbox 1213 3119 1310 3205; x_wconf 86' lang='lat' dir='ltr'>juxta</span> <span class='ocrx_word' id='word_1_199' title='bbox 1335 3119 1458 3184; x_wconf 89' lang='lat' dir='ltr'>Dublin</span> <span class='ocrx_word' id='word_1_200' title='bbox 1481 3133 1514 3185; x_wconf 89' lang='lat' dir='ltr'>et</span> <span class='ocrx_word' id='word_1_201' title='bbox 1537 3119 1693 3186; x_wconf 90' lang='lat' dir='ltr'>Henricus</span> <span class='ocrx_word' id='word_1_202' title='bbox 1719 3120 1758 3185; x_wconf 91' lang='lat' dir='ltr'>de</span> 
     </span>
     <span class='ocr_line' id='line_1_22' title="bbox 350 3216 1757 3311; baseline 0.005 -27"><span class='ocrx_word' id='word_1_203' title='bbox 350 3216 545 3310; x_wconf 78' lang='lat' dir='ltr'>Wygornia</span> <span class='ocrx_word' id='word_1_204' title='bbox 558 3233 659 3286; x_wconf 89' lang='lat' dir='ltr'>rector</span> <span class='ocrx_word' id='word_1_205' title='bbox 673 3219 802 3288; x_wconf 88' lang='lat' dir='ltr'>ecclesie</span> <span class='ocrx_word' id='word_1_206' title='bbox 819 3222 927 3290; x_wconf 84' lang='lat' dir='ltr'>Sancti</span> <span class='ocrx_word' id='word_1_207' title='bbox 937 3224 1067 3290; x_wconf 82' lang='lat' dir='ltr'>Andros</span> <span class='ocrx_word' id='word_1_208' title='bbox 1077 3225 1174 3311; x_wconf 85' lang='lat' dir='ltr'>juxta</span> <span class='ocrx_word' id='word_1_209' title='bbox 1188 3227 1311 3294; x_wconf 91' lang='lat' dir='ltr'>Dublin</span> <span class='ocrx_word' id='word_1_210' title='bbox 1321 3227 1453 3294; x_wconf 88' lang='lat' dir='ltr'>salutem</span> <span class='ocrx_word' id='word_1_211' title='bbox 1468 3227 1501 3292; x_wconf 89' lang='lat' dir='ltr'>in</span> <span class='ocrx_word' id='word_1_212' title='bbox 1512 3227 1649 3292; x_wconf 91' lang='lat' dir='ltr'>domino.</span> <span class='ocrx_word' id='word_1_213' title='bbox 1692 3227 1724 3292; x_wconf 88' lang='lat' dir='ltr'>N</span> <span class='ocrx_word' id='word_1_214' title='bbox 1725 3251 1757 3291; x_wconf 92' lang='lat' dir='ltr'>o·</span> 
     </span>
     <span class='ocr_line' id='line_1_23' title="bbox 347 3323 1757 3420; baseline 0.009 -34"><span class='ocrx_word' id='word_1_215' title='bbox 347 3325 447 3390; x_wconf 81' lang='lat' dir='ltr'>verit</span> <span class='ocrx_word' id='word_1_216' title='bbox 461 3323 647 3390; x_wconf 85' lang='lat' dir='ltr'>universitas</span> <span class='ocrx_word' id='word_1_217' title='bbox 661 3337 763 3390; x_wconf 88' lang='lat' dir='ltr'>vestra</span> <span class='ocrx_word' id='word_1_218' title='bbox 777 3325 866 3392; x_wconf 90' lang='lat' dir='ltr'>litem</span> <span class='ocrx_word' id='word_1_219' title='bbox 877 3341 994 3394; x_wconf 90' lang='lat' dir='ltr'>motam</span> <span class='ocrx_word' id='word_1_220' title='bbox 1008 3326 1090 3394; x_wconf 89' lang='lat' dir='ltr'>inter</span> <span class='ocrx_word' id='word_1_221' title='bbox 1104 3352 1161 3396; x_wconf 90' lang='lat' dir='ltr'>nos</span> <span class='ocrx_word' id='word_1_222' title='bbox 1175 3353 1280 3398; x_wconf 88' lang='lat' dir='ltr'>coram</span> <span class='ocrx_word' id='word_1_223' title='bbox 1288 3332 1436 3420; x_wconf 84' lang='lat' dir='ltr'>magistro</span> <span class='ocrx_word' id='word_1_224' title='bbox 1451 3332 1590 3420; x_wconf 87' lang='lat' dir='ltr'>Hugone</span> <span class='ocrx_word' id='word_1_225' title='bbox 1605 3331 1757 3398; x_wconf 76' lang='lat' dir='ltr'>archidia-</span> 
     </span>
     <span class='ocr_line' id='line_1_24' title="bbox 341 3431 1760 3527; baseline 0.004 -29"><span class='ocrx_word' id='word_1_226' title='bbox 341 3455 444 3499; x_wconf 78' lang='lat' dir='ltr'>eono</span> <span class='ocrx_word' id='word_1_227' title='bbox 461 3431 706 3521; x_wconf 82' lang='lat' dir='ltr'>Glyndslacensi</span> <span class='ocrx_word' id='word_1_228' title='bbox 726 3435 851 3502; x_wconf 88' lang='lat' dir='ltr'>officiali</span> <span class='ocrx_word' id='word_1_229' title='bbox 866 3436 987 3502; x_wconf 90' lang='lat' dir='ltr'>domini</span> <span class='ocrx_word' id='word_1_230' title='bbox 1001 3437 1124 3504; x_wconf 91' lang='lat' dir='ltr'>Dublin</span> <span class='ocrx_word' id='word_1_231' title='bbox 1147 3438 1267 3525; x_wconf 92' lang='lat' dir='ltr'>[Luce]</span> <span class='ocrx_word' id='word_1_232' title='bbox 1283 3437 1508 3527; x_wconf 88' lang='lat' dir='ltr'>archiepiscopi</span> <span class='ocrx_word' id='word_1_233' title='bbox 1523 3438 1644 3504; x_wconf 91' lang='lat' dir='ltr'>Dublin</span> <span class='ocrx_word' id='word_1_234' title='bbox 1667 3461 1760 3526; x_wconf 90' lang='lat' dir='ltr'>super</span> 
     </span>
     <span class='ocr_line' id='line_1_25' title="bbox 343 3537 1760 3630; baseline 0.004 -28"><span class='ocrx_word' id='word_1_235' title='bbox 343 3537 497 3604; x_wconf 88' lang='lat' dir='ltr'>decimis</span> <span class='ocrx_word' id='word_1_236' title='bbox 511 3561 666 3604; x_wconf 89' lang='lat' dir='ltr'>novorum</span> <span class='ocrx_word' id='word_1_237' title='bbox 690 3539 943 3606; x_wconf 88' lang='lat' dir='ltr'>molendinorum</span> <span class='ocrx_word' id='word_1_238' title='bbox 962 3540 1082 3606; x_wconf 87' lang='lat' dir='ltr'>domini</span> <span class='ocrx_word' id='word_1_239' title='bbox 1097 3541 1194 3630; x_wconf 85' lang='lat' dir='ltr'>Regis</span> <span class='ocrx_word' id='word_1_240' title='bbox 1217 3543 1348 3610; x_wconf 90' lang='lat' dir='ltr'>sitorum</span> <span class='ocrx_word' id='word_1_241' title='bbox 1367 3543 1425 3610; x_wconf 86' lang='lat' dir='ltr'>sub</span> <span class='ocrx_word' id='word_1_242' title='bbox 1448 3541 1574 3608; x_wconf 86' lang='lat' dir='ltr'>castello</span> <span class='ocrx_word' id='word_1_243' title='bbox 1589 3542 1711 3608; x_wconf 89' lang='lat' dir='ltr'>Dublin</span> <span class='ocrx_word' id='word_1_244' title='bbox 1725 3543 1760 3608; x_wconf 88' lang='lat' dir='ltr'>in</span> 
     </span>
     <span class='ocr_line' id='line_1_26' title="bbox 339 3637 1758 3736; baseline 0.005 -30"><span class='ocrx_word' id='word_1_245' title='bbox 339 3637 451 3709; x_wconf 90' lang='lat' dir='ltr'>hunc</span> <span class='ocrx_word' id='word_1_246' title='bbox 464 3641 596 3708; x_wconf 89' lang='lat' dir='ltr'>modum</span> <span class='ocrx_word' id='word_1_247' title='bbox 610 3641 767 3708; x_wconf 83' lang='lat' dir='ltr'>amicabili</span> <span class='ocrx_word' id='word_1_248' title='bbox 787 3643 1015 3731; x_wconf 81' lang='lat' dir='ltr'>composicione</span> <span class='ocrx_word' id='word_1_249' title='bbox 1030 3645 1244 3732; x_wconf 88' lang='lat' dir='ltr'>conquievisse</span> <span class='ocrx_word' id='word_1_250' title='bbox 1261 3686 1267 3698; x_wconf 92' lang='lat'><strong>·</strong></span> <span class='ocrx_word' id='word_1_251' title='bbox 1284 3646 1432 3714; x_wconf 86' lang='lat' dir='ltr'>videlicet</span> <span class='ocrx_word' id='word_1_252' title='bbox 1447 3645 1532 3733; x_wconf 90' lang='lat' dir='ltr'>quod</span> <span class='ocrx_word' id='word_1_253' title='bbox 1547 3646 1668 3713; x_wconf 89' lang='lat' dir='ltr'>decime</span> <span class='ocrx_word' id='word_1_254' title='bbox 1687 3673 1758 3736; x_wconf 90' lang='lat' dir='ltr'>pro-</span> 
     </span>
     <span class='ocr_line' id='line_1_27' title="bbox 340 3745 1759 3843; baseline 0.008 -35"><span class='ocrx_word' id='word_1_255' title='bbox 340 3748 528 3814; x_wconf 82' lang='lat' dir='ltr'>venientes</span> <span class='ocrx_word' id='word_1_256' title='bbox 543 3769 585 3812; x_wconf 89' lang='lat' dir='ltr'>ex</span> <span class='ocrx_word' id='word_1_257' title='bbox 599 3745 747 3833; x_wconf 89' lang='lat' dir='ltr'>predictis</span> <span class='ocrx_word' id='word_1_258' title='bbox 762 3746 949 3812; x_wconf 88' lang='lat' dir='ltr'>molendinis</span> <span class='ocrx_word' id='word_1_259' title='bbox 960 3747 1042 3814; x_wconf 91' lang='lat' dir='ltr'>inter</span> <span class='ocrx_word' id='word_1_260' title='bbox 1055 3773 1111 3814; x_wconf 91' lang='lat' dir='ltr'>nos</span> <span class='ocrx_word' id='word_1_261' title='bbox 1126 3750 1278 3836; x_wconf 84' lang='lat' dir='ltr'>equaliter</span> <span class='ocrx_word' id='word_1_262' title='bbox 1288 3751 1470 3818; x_wconf 89' lang='lat' dir='ltr'>dividantur</span> <span class='ocrx_word' id='word_1_263' title='bbox 1484 3752 1574 3819; x_wconf 89' lang='lat' dir='ltr'>nobis</span> <span class='ocrx_word' id='word_1_264' title='bbox 1586 3754 1637 3820; x_wconf 91' lang='lat' dir='ltr'>vel</span> <span class='ocrx_word' id='word_1_265' title='bbox 1648 3778 1759 3843; x_wconf 91' lang='lat' dir='ltr'>procu-</span> 
     </span>
     <span class='ocr_line' id='line_1_28' title="bbox 340 3853 1244 3945; baseline 0.002 -25"><span class='ocrx_word' id='word_1_266' title='bbox 340 3855 520 3922; x_wconf 76' lang='lat' dir='ltr'>ratoribus</span> <span class='ocrx_word' id='word_1_267' title='bbox 534 3854 647 3920; x_wconf 89' lang='lat' dir='ltr'>nostris</span> <span class='ocrx_word' id='word_1_268' title='bbox 665 3853 700 3919; x_wconf 90' lang='lat' dir='ltr'>in</span> <span class='ocrx_word' id='word_1_269' title='bbox 715 3854 870 3922; x_wconf 88' lang='lat' dir='ltr'>divisione</span> <span class='ocrx_word' id='word_1_270' title='bbox 884 3856 1027 3923; x_wconf 84' lang='lat' dir='ltr'>facienda</span> <span class='ocrx_word' id='word_1_271' title='bbox 1040 3858 1244 3945; x_wconf 89' lang='lat' dir='ltr'>presentibus.</span> 
     </span>
    </p>

    <p class='ocr_par' dir='ltr' id='par_1_8' title="bbox 346 3961 1759 4484">
     <span class='ocr_line' id='line_1_29' title="bbox 432 3961 1758 4054; baseline 0.001 -25"><span class='ocrx_word' id='word_1_272' title='bbox 432 3961 479 4029; x_wconf 87' lang='lat' dir='ltr'>Ut</span> <span class='ocrx_word' id='word_1_273' title='bbox 494 3975 599 4027; x_wconf 88' lang='lat' dir='ltr'>autom</span> <span class='ocrx_word' id='word_1_274' title='bbox 609 3963 669 4028; x_wconf 91' lang='lat' dir='ltr'>hec</span> <span class='ocrx_word' id='word_1_275' title='bbox 683 3963 871 4051; x_wconf 90' lang='lat' dir='ltr'>composicio</span> <span class='ocrx_word' id='word_1_276' title='bbox 883 3964 1053 4030; x_wconf 86' lang='lat' dir='ltr'>amicabilis</span> <span class='ocrx_word' id='word_1_277' title='bbox 1063 3964 1098 4030; x_wconf 93' lang='lat' dir='ltr'>in</span> <span class='ocrx_word' id='word_1_278' title='bbox 1108 3978 1296 4054; x_wconf 85' lang='lat' dir='ltr'>perpetuum</span> <span class='ocrx_word' id='word_1_279' title='bbox 1307 3964 1347 4029; x_wconf 91' lang='lat' dir='ltr'>sit</span> <span class='ocrx_word' id='word_1_280' title='bbox 1357 3964 1492 4032; x_wconf 90' lang='lat' dir='ltr'>valitura</span> <span class='ocrx_word' id='word_1_281' title='bbox 1505 3964 1664 4053; x_wconf 82' lang='lat' dir='ltr'>corporale</span> <span class='ocrx_word' id='word_1_282' title='bbox 1675 3989 1758 4054; x_wconf 87' lang='lat' dir='ltr'>pres-</span> 
     </span>
     <span class='ocr_line' id='line_1_30' title="bbox 346 4070 1758 4160; baseline 0 -24"><span class='ocrx_word' id='word_1_283' title='bbox 346 4070 488 4138; x_wconf 81' lang='lat' dir='ltr'>titimus</span> <span class='ocrx_word' id='word_1_284' title='bbox 511 4083 738 4138; x_wconf 85' lang='lat' dir='ltr'>sacramentum</span> <span class='ocrx_word' id='word_1_285' title='bbox 761 4084 794 4137; x_wconf 88' lang='lat' dir='ltr'>ct</span> <span class='ocrx_word' id='word_1_286' title='bbox 815 4071 1060 4138; x_wconf 89' lang='lat' dir='ltr'>nichilhominus</span> <span class='ocrx_word' id='word_1_287' title='bbox 1082 4071 1302 4160; x_wconf 89' lang='lat' dir='ltr'>supposuimus</span> <span class='ocrx_word' id='word_1_288' title='bbox 1327 4095 1384 4136; x_wconf 89' lang='lat' dir='ltr'>nos</span> <span class='ocrx_word' id='word_1_289' title='bbox 1403 4071 1615 4158; x_wconf 89' lang='lat' dir='ltr'>jurisdictioni</span> <span class='ocrx_word' id='word_1_290' title='bbox 1638 4072 1758 4137; x_wconf 92' lang='lat' dir='ltr'>domini</span> 
     </span>
     <span class='ocr_line' id='line_1_31' title="bbox 350 4174 1759 4269; baseline -0.001 -23"><span class='ocrx_word' id='word_1_291' title='bbox 350 4174 491 4247; x_wconf 85' lang='lat' dir='ltr'>Dublin</span> <span class='ocrx_word' id='word_1_292' title='bbox 509 4179 734 4269; x_wconf 84' lang='lat' dir='ltr'>archiepiscopi</span> <span class='ocrx_word' id='word_1_293' title='bbox 749 4179 804 4266; x_wconf 90' lang='lat' dir='ltr'>qui</span> <span class='ocrx_word' id='word_1_294' title='bbox 819 4203 876 4268; x_wconf 90' lang='lat' dir='ltr'>pro</span> <span class='ocrx_word' id='word_1_295' title='bbox 895 4193 1034 4267; x_wconf 88' lang='lat' dir='ltr'>tempore</span> <span class='ocrx_word' id='word_1_296' title='bbox 1048 4179 1144 4246; x_wconf 83' lang='lat' dir='ltr'>fuerit</span> <span class='ocrx_word' id='word_1_297' title='bbox 1162 4194 1200 4246; x_wconf 90' lang='lat' dir='ltr'>ut</span> <span class='ocrx_word' id='word_1_298' title='bbox 1217 4203 1274 4246; x_wconf 89' lang='lat' dir='ltr'>nos</span> <span class='ocrx_word' id='word_1_299' title='bbox 1292 4180 1334 4246; x_wconf 88' lang='lat' dir='ltr'>ad</span> <span class='ocrx_word' id='word_1_300' title='bbox 1347 4179 1600 4248; x_wconf 83' lang='lat' dir='ltr'>observacionem</span> <span class='ocrx_word' id='word_1_301' title='bbox 1621 4179 1759 4267; x_wconf 86' lang='lat' dir='ltr'>predicte</span> 
     </span>
     <span class='ocr_line' id='line_1_32' title="bbox 352 4281 1758 4375; baseline -0.004 -23"><span class='ocrx_word' id='word_1_302' title='bbox 352 4284 604 4375; x_wconf 83' lang='lat' dir='ltr'>composicionis</span> <span class='ocrx_word' id='word_1_303' title='bbox 618 4285 685 4352; x_wconf 90' lang='lat' dir='ltr'>sinc</span> <span class='ocrx_word' id='word_1_304' title='bbox 700 4283 805 4370; x_wconf 90' lang='lat' dir='ltr'>aliquo</span> <span class='ocrx_word' id='word_1_305' title='bbox 820 4282 952 4371; x_wconf 89' lang='lat' dir='ltr'>strepitu</span> <span class='ocrx_word' id='word_1_306' title='bbox 958 4281 1103 4368; x_wconf 82' lang='lat' dir='ltr'>judiciali</span> <span class='ocrx_word' id='word_1_307' title='bbox 1114 4282 1290 4372; x_wconf 81' lang='lat' dir='ltr'>compellat</span> <span class='ocrx_word' id='word_1_308' title='bbox 1313 4283 1545 4350; x_wconf 85' lang='lat' dir='ltr'>Renunciantes</span> <span class='ocrx_word' id='word_1_309' title='bbox 1556 4283 1659 4348; x_wconf 87' lang='lat' dir='ltr'>inhoc</span> <span class='ocrx_word' id='word_1_310' title='bbox 1674 4282 1758 4346; x_wconf 90' lang='lat' dir='ltr'>omni</span> 
     </span>
     <span class='ocr_line' id='line_1_33' title="bbox 358 4387 1759 4484; baseline -0.008 -21"><span class='ocrx_word' id='word_1_311' title='bbox 358 4393 573 4484; x_wconf 70' lang='lat' dir='ltr'>appellscioni</span> <span class='ocrx_word' id='word_1_312' title='bbox 588 4392 674 4460; x_wconf 88' lang='lat' dir='ltr'>omni</span> <span class='ocrx_word' id='word_1_313' title='bbox 689 4391 885 4460; x_wconf 88' lang='lat' dir='ltr'>cavillacioni</span> <span class='ocrx_word' id='word_1_314' title='bbox 900 4403 933 4460; x_wconf 89' lang='lat' dir='ltr'>et</span> <span class='ocrx_word' id='word_1_315' title='bbox 946 4391 1033 4458; x_wconf 89' lang='lat' dir='ltr'>omni</span> <span class='ocrx_word' id='word_1_316' title='bbox 1043 4391 1125 4478; x_wconf 87' lang='lat' dir='ltr'>juris</span> <span class='ocrx_word' id='word_1_317' title='bbox 1143 4404 1208 4458; x_wconf 83' lang='lat' dir='ltr'>tam</span> <span class='ocrx_word' id='word_1_318' title='bbox 1223 4390 1326 4460; x_wconf 90' lang='lat' dir='ltr'>civilis</span> <span class='ocrx_word' id='word_1_319' title='bbox 1348 4415 1443 4479; x_wconf 92' lang='lat' dir='ltr'>quam</span> <span class='ocrx_word' id='word_1_320' title='bbox 1457 4389 1599 4458; x_wconf 85' lang='lat' dir='ltr'>canonici</span> <span class='ocrx_word' id='word_1_321' title='bbox 1622 4387 1759 4454; x_wconf 86' lang='lat' dir='ltr'>remedio</span> 
     </span>
    </p>

    <p class='ocr_par' dir='ltr' id='par_1_9' title="bbox 1030 4495 1760 4564">
     <span class='ocr_line' id='line_1_34' title="bbox 1030 4495 1760 4564; baseline 0.004 -9"><span class='ocrx_word' id='word_1_322' title='bbox 1030 4499 1059 4564; x_wconf 83' lang='lat' dir='ltr'>E</span> <span class='ocrx_word' id='word_1_323' title='bbox 1076 4505 1095 4564; x_wconf 81' lang='lat'><strong>2</strong></span> <span class='ocrx_word' id='word_1_324' title='bbox 1726 4495 1760 4558; x_wconf 91' lang='lat' dir='ltr'>in</span> 
     </span>
    </p>
   </div>
   <div class='ocr_carea' id='block_1_6' title="bbox 0 0 2147 5412">
    <p class='ocr_par' dir='ltr' id='par_1_10' title="bbox 0 0 2147 5412">
     <span class='ocr_line' id='line_1_35' title="bbox 0 0 2147 5412; baseline 0 0"><span class='ocrx_word' id='word_1_325' title='bbox 0 0 2147 5412; x_wconf 95' lang='lat' dir='ltr'> </span> 
     </span>
    </p>
   </div>
  </div>
 </body>
</html>
