4284 5412
968 635 1014 728 67

294 817 476 885 inconcusse
498 827 678 906 permaneat
700 815 782 883 hanc
802 826 917 882 ramam
934 813 1167 902 [impressione]
1183 812 1278 902 sigilli
1292 813 1356 878 mei
1378 824 1410 879 et
1432 812 1528 901 sigilli
1544 813 1680 880 Simonis

294 923 381 988 Brun
395 936 471 990 tunc
494 921 642 1010 temporis
665 919 794 986 senioris
820 917 948 985 consilio
964 917 1168 984 discretorum
1191 918 1330 984 virorum
1356 919 1562 984 corroboravi.
1606 921 1680 987 Hiis

293 1026 420 1092 testibus
443 1065 450 1080 ·
473 1026 602 1093 Simone
626 1026 715 1090 Brun
731 1024 804 1089 ·W.
820 1023 860 1089 de
883 1022 1006 1088 Conse:
1023 1059 1029 1073 ·
1046 1020 1203 1088 Herberto
1226 1022 1266 1087 de
1290 1022 1409 1088 Cestria
1425 1062 1432 1074 ·
1445 1024 1498 1089 W.
1515 1024 1656 1094 Culkard
1672 1066 1678 1079 ·

295 1131 428 1199 Ricardo
442 1132 584 1199 Reuelch
601 1171 608 1184 ·
623 1131 677 1197 W.
694 1129 937 1197 Andinodernes
957 1166 964 1180 ·
985 1129 1155 1218 Rndulpho
1175 1130 1250 1196 Piro
1270 1169 1276 1182 ·
1298 1129 1433 1197 Ricardo
1449 1132 1618 1220 Capellano
1642 1137 1681 1201 de

293 1251 395 1305 sancto
406 1240 537 1306 Andree
553 1277 559 1292 ·
575 1238 597 1305 J
597 1239 714 1306 ordsno
728 1238 841 1305 clerico
856 1238 912 1324 qui
925 1237 1007 1304 hanc
1021 1251 1137 1304 cartem
1152 1238 1274 1328 scripsit
1287 1249 1320 1303 et
1333 1238 1440 1303 multis
1455 1238 1530 1304 aliis.

902 1585 1065 1658 LXXV.

839 1772 897 1847 Bt
912 1771 1118 1846 Breuitate.

385 1961 485 2028 Otum
511 1962 551 2028 sit
572 1960 767 2050 presentibus
792 1973 824 2026 et
843 1959 957 2025 futuris
979 1958 1065 2046 quod
1087 1983 1146 2048 ego
1160 1958 1320 2025 Walterus
1334 1958 1374 2025 de
1388 1959 1592 2028 Redelesford
1606 1963 1680 2029 dedi

407 2066 542 2134 concessi
557 2079 590 2133 et
602 2065 661 2132 hac
675 2065 812 2153 presenti
835 2077 920 2132 carto
941 2089 1012 2131 mea
1032 2063 1214 2131 confimari
1236 2063 1306 2130 Deo
1328 2078 1360 2131 et
1383 2066 1512 2134 ecclesie
1527 2067 1681 2134 Omnium

296 2173 479 2240 Sanctorum
488 2172 584 2258 juxte
598 2169 721 2236 Dublin
735 2182 767 2236 et
781 2168 938 2236 canonicis
952 2168 1072 2235 ibidem
1087 2168 1157 2235 Deo
1172 2169 1378 2236 servientibus
1394 2209 1401 2223 ·
1417 2171 1532 2260 viginti
1547 2187 1680 2260 quatuor

294 2301 375 2343 acres
385 2289 467 2343 terre
481 2299 550 2341 mee
562 2274 601 2339 de
613 2285 790 2339 tenemento
805 2297 875 2338 meo
889 2271 924 2336 in
938 2272 1209 2340 Donenehcbroch
1224 2297 1280 2362 pro
1300 2274 1406 2342 anime
1423 2299 1494 2343 mea
1507 2289 1539 2343 et
1552 2279 1680 2346 Amicie

294 2405 403 2470 sponse
417 2404 485 2446 mee
500 2390 532 2446 et
546 2377 707 2444 animabus
727 2390 954 2443 antecessorum
969 2389 1001 2444 et
1015 2401 1224 2445 mceessorum
1238 2405 1380 2448 meorum
1394 2383 1429 2448 in
1439 2407 1551 2471 puram
1565 2397 1597 2452 et
1611 2411 1681 2476 per-

292 2505 418 2577 petuam
432 2489 514 2554 dicte
533 2485 661 2553 ecclesie
680 2485 836 2552 canonicis
851 2485 1050 2552 elemosinam
1065 2511 1278 2574 permansuras
1294 2528 1301 2540 ·
1316 2489 1465 2556 videlicet
1477 2489 1546 2557 illas
1566 2493 1681 2582 viginti

294 2608 425 2680 quatuor
438 2615 522 2659 aeres
533 2613 594 2676 qne
605 2601 678 2654 sunt
687 2588 832 2676 proxime
839 2590 935 2676 juxta
949 2590 1106 2677 viamque
1121 2615 1154 2658 se
1165 2595 1339 2661 extendite
1352 2595 1428 2662 villa
1441 2595 1480 2663 de
1492 2597 1680 2668 Donenahc-

292 2703 388 2768 broch
403 2724 509 2768 versus
523 2698 646 2765 Dublin
660 2721 758 2785 usque
774 2698 813 2764 ad
828 2711 941 2764 terram
956 2697 1074 2765 civium
1088 2700 1245 2789 sepedicto
1259 2701 1394 2768 civitatis
1408 2727 1504 2792 penes
1519 2706 1679 2774 orientem.

356 2808 401 2874 Et
415 2807 567 2874 dividitur
581 2819 662 2871 terra
675 2805 730 2871 ille
744 2817 857 2871 eterra
871 2805 1026 2872 dictorum
1048 2806 1167 2873 civium
1182 2831 1238 2896 per
1252 2809 1421 2898 aquagium
1442 2822 1474 2876 et
1488 2810 1633 2877 extendit
1646 2835 1679 2878 se

293 2937 389 3002 nsque
404 2914 443 2980 ad
454 2913 566 2980 fundos
576 2912 741 2978 hominnm
754 2936 896 2978 meorum
909 2913 948 2979 de
962 2914 1234 2981 Donenehebroch
1247 2955 1253 2966 ·
1265 2916 1424 2983 habendas
1443 2930 1476 2982 et
1495 2917 1679 3007 optinendas

295 3021 390 3089 dictes
404 3019 519 3108 viginti
534 3032 667 3106 quatuor
681 3043 764 3086 eoras
779 3020 819 3086 de
834 3020 917 3085 dono
931 3044 1001 3086 meo
1015 3020 1113 3087 libere
1127 3022 1256 3110 pacifice
1272 3023 1377 3110 quiete
1391 3024 1513 3113 integre
1528 3025 1608 3091 sicut
1622 3025 1678 3091 ali-

295 3152 355 3214 qua
368 3127 536 3194 elemosina
549 3126 677 3193 liberius
691 3126 743 3193 vel
757 3125 869 3192 melius
883 3127 935 3194 vel
949 3128 1071 3216 plenius
1086 3128 1153 3195 dari
1168 3141 1279 3218 potest.
1323 3129 1395 3219 Ego
1410 3154 1484 3197 vero
1504 3142 1536 3197 et
1549 3130 1678 3198 heredes

293 3236 354 3303 mei
364 3235 536 3325 predictam
546 3248 660 3302 terram
670 3233 810 3324 predicte
820 3235 949 3302 ecclesie
961 3247 993 3302 et
1003 3235 1161 3302 canonicis
1172 3249 1280 3302 contra
1294 3261 1401 3303 omnes
1408 3236 1550 3302 homines
1561 3260 1678 3303 waren-

293 3342 463 3408 tizabimus.
487 3341 534 3408 Ut
547 3353 651 3408 autem
662 3340 721 3407 hec
735 3364 805 3406 mea
816 3339 946 3408 donacio
960 3353 1027 3407 rata
1040 3354 1216 3429 perseveret
1229 3341 1264 3406 in
1279 3355 1437 3430 posterum
1451 3355 1484 3408 et
1497 3341 1679 3409 inconcussa

292 3473 415 3539 presens
438 3449 588 3538 scriptum
610 3449 706 3538 sigilli
724 3447 926 3536 impressione
947 3449 1010 3514 mei
1032 3448 1185 3515 roboravi.
1229 3449 1302 3515 Hiis
1325 3448 1455 3516 testibus
1471 3487 1478 3499 ·
1495 3447 1622 3513 domino
1637 3446 1676 3512 R.

293 3555 399 3621 Priore
422 3553 536 3622 Sancte
551 3554 715 3620 Trinitatis
730 3592 737 3605 ·
753 3553 889 3621 Ricardo
910 3553 949 3620 de
964 3552 1074 3642 Cogen
1086 3592 1093 3606 ·
1106 3553 1277 3621 Eustachio
1292 3554 1331 3621 de
1347 3554 1438 3642 Rupe
1455 3591 1461 3604 ·
1477 3553 1499 3618 J
1500 3553 1622 3618 ohanne
1637 3553 1676 3619 de

294 3660 403 3749 Cogno
418 3695 426 3711 ·
442 3658 551 3726 Halret
570 3658 608 3724 de
628 3655 824 3723 Ridelesford
840 3696 847 3709 ·
863 3657 1013 3746 Philippo
1031 3658 1097 3724 filio
1112 3659 1169 3725 Ris
1185 3698 1191 3710 ·
1207 3658 1313 3726 Adam
1328 3658 1367 3726 de
1383 3658 1475 3748 Rupe
1491 3697 1497 3708 ·
1513 3655 1677 3726 Willelmo

293 3763 330 3830 de
345 3761 481 3829 Fronces
497 3800 504 3812 ·
520 3761 658 3826 Roberto
672 3758 737 3824 filio
752 3757 848 3825 Rolin
862 3772 894 3826 et
907 3759 1014 3826 multis
1028 3761 1106 3827 aliis.
