4368 5408
1121 595 1200 668 lxiv

465 779 504 844 de
519 781 627 846 eadem
643 776 799 843 Willelmi
815 776 930 842 Olinch
952 778 991 843 de
1013 777 1123 842 cadem
1144 778 1298 844 Johannis
1316 778 1433 867 Tayler
1455 779 1495 846 de
1510 780 1690 847 Balleowne
1705 783 1726 849 J
1729 783 1859 850 ohannis

465 885 598 952 Olinche
618 887 656 951 de
672 884 847 950 Newoastle
862 885 990 950 Patriclr
1002 885 1134 951 Rushell
1145 886 1184 951 de
1201 887 1310 953 eadem
1326 887 1456 952 Roberti
1470 889 1610 954 Donnell
1622 890 1661 956 de
1677 891 1785 956 eadem
1802 892 1860 958 Pa·

464 992 574 1086 trioiiJ
576 993 653 1057 acob
664 992 703 1056 de
710 991 943 1056 Colmanstown
953 991 1199 1058 PatrioiiBirton
1210 993 1566 1060 deNewcastleMartini
1582 996 1694 1063 Birton
1703 998 1861 1064 decadem

467 1098 617 1163 Richardi
627 1099 739 1162 Mason
749 1096 789 1162 de
801 1096 988 1185 Ballydowd
1000 1111 1031 1162 et
1043 1099 1172 1165 Patricii
1182 1099 1291 1166 Loclre
1301 1101 1340 1164 de
1353 1101 1613 1167 Colmanstownc.
1631 1104 1695 1185 Qui
1703 1105 1859 1190 juratores

465 1201 577 1268 dicunt
586 1227 679 1290 super
689 1217 916 1269 sacramentum
936 1228 1026 1269 suum
1039 1205 1125 1290 quod
1148 1205 1373 1272 illustrissimus
1397 1207 1542 1295 princeps
1560 1209 1718 1274 llenricus
1730 1225 1858 1277 octavus

466 1334 567 1397 nuper
582 1309 702 1398 Anglie
718 1310 850 1376 Francia
865 1324 898 1374 et
915 1310 1069 1376 Hibernis
1084 1335 1141 1376 rex
1156 1311 1278 1377 seisitus
1293 1311 1354 1377 suit
1368 1311 1402 1376 in
1417 1313 1575 1380 dominico
1591 1339 1647 1381 suo
1661 1331 1698 1382 ut
1712 1316 1751 1381 de
1768 1317 1859 1384 feodo

466 1415 500 1479 in
511 1416 584 1501 jure
597 1439 710 1480 corone
725 1439 780 1480 sue
795 1415 834 1480 de
846 1438 946 1503 nuper
960 1414 1053 1481 domo
1066 1415 1246 1480 monasterii
1261 1415 1327 1480 sive
1343 1416 1497 1504 prioratus
1507 1418 1660 1484 Omnium
1674 1419 1860 1486 Sanctorum

463 1522 559 1606 juxta
570 1519 694 1585 Dublin
708 1544 744 1585 ac
759 1520 798 1584 de
813 1521 959 1586 omnibus
973 1519 1216 1608 possessionibus
1228 1535 1291 1586 tam
1304 1521 1516 1608 spiritualibus
1531 1548 1625 1609 quarn
1637 1527 1861 1612 temporalibus

467 1627 552 1692 dicto
564 1651 665 1715 nuper
674 1629 782 1694 domui
799 1629 985 1694 monasterio
999 1627 1065 1692 sive
1080 1627 1232 1715 prioratui
1247 1628 1459 1716 spectantibus
1474 1654 1547 1694 cum
1561 1630 1706 1696 omnibus
1715 1632 1778 1697 suis
1792 1657 1858 1720 per·

467 1736 612 1802 tinenciis
627 1736 886 1822 quibuscumque.
932 1735 975 1799 Et
990 1733 1101 1800 dicunt
1122 1733 1217 1799 etiam
1232 1733 1387 1818 juratores
1407 1757 1501 1820 super
1522 1747 1749 1800 sacramentum
1769 1760 1860 1801 suum

467 1842 553 1928 quod
568 1843 690 1908 diversa
711 1842 885 1930 messuagio
907 1865 979 1907 cum
1003 1840 1090 1907 mille
1113 1865 1254 1906 acrarum
1273 1853 1354 1906 terre
1372 1840 1496 1906 arabilis
1510 1855 1629 1929 septem
1645 1856 1772 1908 centum
1792 1867 1860 1908 aare

467 1962 593 2037 pastore
608 1965 734 2016 centum
750 1975 818 2016 acre
833 1949 917 2015 bosci
930 1973 966 2014 ac
976 1949 1110 2015 ducente
1125 1973 1194 2014 acre
1204 1971 1371 2014 meracum
1381 1947 1582 2034 pertinenciis
1594 1947 1627 2012 in
1636 1946 1711 2012 sella
1719 1947 1796 2012 silve
1821 1998 1827 2010 .
1852 1997 1859 2011 .

470 2052 1559 2141 SalvatorisetGlanlorkuninGlandelaghacjacentesetexistentesin
1569 2053 1860 2120 villisvillatiscam-

467 2160 515 2248 pis
526 2173 558 2225 et
569 2159 712 2224 hamletis
727 2159 766 2226 de
782 2158 1033 2248 Ballyardgowle
1045 2160 1219 2249 Ballylislre
1231 2174 1263 2226 et
1275 2160 1437 2248 Ballinlug
1452 2161 1486 2225 in
1501 2160 1651 2226 comitatu
1667 2160 1808 2248 predicto
1824 2187 1859 2228 ac

466 2291 566 2331 unum
576 2265 925 2353 messuagiumducente
935 2291 1004 2332 acre
1013 2266 1622 2356 terrearrabilisducenteaorepasturein
1633 2267 1861 2334 Rathdromine

468 2370 757 2459 Ballinegananagh
769 2395 804 2436 ac
814 2370 945 2436 rectoria
956 2370 1085 2436 ecclesio
1096 2371 1161 2434 sive
1173 2371 1291 2459 capelle
1302 2370 1340 2436 de
1353 2370 1545 2436 Rathdrome
1557 2371 1815 2461 acMoycredyne
1824 2397 1861 2438 ac

467 2477 603 2566 parcella
614 2479 734 2544 decime
744 2479 782 2543 de
799 2479 987 2545 Killmarten
1002 2503 1075 2544 cum
1089 2479 1235 2544 omnibus
1248 2479 1337 2544 terris
1352 2479 1452 2568 glebis
1468 2479 1596 2544 decimis
1608 2478 1764 2567 alteragiis
1775 2480 1860 2546 obla·

468 2588 610 2653 cionibus
617 2585 1241 2652 obvencionibusaoceterisemolumentis
1250 2584 1367 2650 eisdem
1377 2583 1642 2672 pertinentibuset
1651 2585 1861 2672 spectantibus

468 2694 554 2760 sucre
569 2694 704 2781 parcella
718 2693 944 2781 possessionum
960 2693 1037 2759 dicti
1052 2693 1270 2780 nuperdomus
1282 2693 1459 2758 monasterii
1468 2692 1534 2757 sive
1546 2690 1698 2780 prioratus
1708 2693 1861 2760 Omnium

470 2800 656 2867 Sanctorum
667 2815 806 2888 tempore
816 2800 1031 2866 dissolutionis
1042 2800 1266 2888 suppressionis
1278 2814 1310 2864 et
1318 2823 1438 2864 sursum
1447 2798 1637 2863 reddicionis
1646 2798 1786 2883 ejusdem
1795 2823 1862 2864 mo-

468 2907 597 2972 nasterii
605 2905 670 2971 sive
681 2905 835 2993 prioratus
875 2907 919 2972 Et
930 2907 1040 2971 dicunt
1051 2906 1145 2970 etiam
1155 2906 1309 2992 juratores
1321 2929 1413 2992 super
1429 2918 1655 2970 sacramentum
1670 2928 1760 2968 suurn
1776 2904 1861 2990 quod

468 3014 627 3102 predictus
638 3014 784 3078 dominus
795 3039 895 3102 nuper
909 3039 966 3080 rex
979 3012 1136 3079 Henricus
1148 3028 1276 3080 octavus
1288 3038 1343 3101 per
1354 3012 1472 3079 litteras
1486 3035 1555 3076 suas
1570 3025 1711 3098 patentes
1719 3025 1861 3098 gerentes

469 3121 578 3185 datum
590 3121 674 3208 apud
686 3120 807 3185 Dublin
817 3133 927 3205 quarto
937 3119 987 3184 die
999 3119 1163 3185 Februarii
1173 3142 1255 3184 anno
1268 3118 1355 3206 regni
1366 3116 1536 3182 tricessimo
1542 3116 1669 3182 deditet
1677 3115 1860 3203 pereasdem

468 3224 586 3291 litteras
596 3239 736 3312 patentes
745 3225 897 3291 concessit
905 3225 1015 3311 majori
1026 3239 1059 3290 ot
1070 3225 1192 3291 ballivis
1201 3225 1323 3291 civibus
1334 3237 1367 3290 et
1374 3222 1590 3289 communitati
1598 3221 1862 3290 civitatisDublirr

469 3331 534 3399 sive
545 3356 744 3419 quocumque
756 3332 817 3398 alio
828 3331 956 3398 nomine
967 3347 1042 3399 tunc
1054 3336 1259 3399 censebantur
1269 3346 1301 3400 et
1315 3329 1541 3399 successoribus
1552 3330 1615 3396 suis
1629 3331 1861 3417 imperpetuum

470 3437 589 3505 dictum
604 3461 705 3526 nuper
719 3437 904 3503 dissolutum
920 3438 1048 3503 domum
1064 3439 1285 3504 monasterium
1300 3439 1365 3503 sive
1380 3436 1550 3524 prioratum
1564 3435 1717 3503 Omnium
1735 3436 1861 3502 Sancto-

471 3569 540 3610 rum
550 3569 622 3609 cum
634 3542 817 3608 omnibuset
826 3541 956 3629 singulis
966 3541 1207 3630 possessionibus
1213 3543 1315 3608 eidem
1321 3541 1430 3607 domui
1439 3541 1624 3607 monasterio
1636 3540 1702 3606 sive
1711 3541 1862 3629 prioratui

470 3650 681 3739 spectantibus
696 3649 762 3714 sive
778 3647 1008 3736 pcrtinentibus
1027 3647 1181 3712 universis
1204 3648 1237 3712 in
1257 3661 1321 3712 tarn
1336 3647 1447 3736 amplis
1462 3661 1494 3714 et
1508 3647 1742 3714 beneficialibus
1767 3647 1861 3713 modo

471 3771 504 3824 et
517 3757 615 3823 forma
637 3770 731 3844 prout
744 3779 782 3820 ea
796 3754 902 3819 omnia
925 3769 958 3820 et
983 3753 1106 3840 singula
1131 3753 1217 3819 suere
1238 3753 1417 3819 existebant
1440 3753 1475 3818 in
1499 3753 1689 3842 possessione
1704 3766 1737 3819 et
1750 3752 1862 3819 saisina

472 3888 572 3952 nuper
587 3861 697 3950 prioris
712 3860 778 3926 sive
794 3859 933 3947 priorum
947 3860 1024 3926 dicti
1040 3883 1140 3948 nuper
1149 3860 1301 3948 prioratus
1312 3860 1491 3925 monasterii
1500 3861 1565 3924 sive
1577 3860 1688 3924 domus
1703 3874 1735 3926 et
1749 3860 1782 3925 in
1799 3877 1861 3926 tam

473 3969 577 4058 amplo
592 3968 686 4032 modo
701 3980 795 4054 prout
810 3991 847 4032 ea
861 3966 968 4032 omnia
983 3966 1136 4033 devenere
1151 3989 1207 4031 seu
1220 3965 1361 4032 deveniri
1380 3966 1558 4032 debuerunt
1576 3965 1660 4032 dicto
1680 3991 1781 4054 nuper
1795 3966 1861 4056 regi

472 4097 528 4162 per
551 4097 673 4138 sursum
694 4072 907 4139 reddicionem
931 4074 1181 4161 suppressionem
1203 4074 1269 4141 sive
1291 4073 1529 4140 dissolucionem
1545 4074 1622 4140 dicti
1636 4099 1737 4164 nuper
1751 4075 1861 4142 (lomus

474 4181 653 4247 monasterii
669 4179 734 4246 sive
754 4178 917 4268 prioratus.
964 4179 1139 4244 Reddendo
1160 4179 1234 4244 inde
1260 4178 1421 4245 annuatim
1446 4178 1531 4244 dicto
1546 4179 1674 4245 domino
1692 4180 1758 4269 regi
1772 4181 1861 4248 here·

473 4287 566 4353 dibus
591 4301 623 4352 et
645 4287 871 4354 successoribus
893 4287 956 4354 suis
981 4286 1109 4353 nornine
1135 4312 1183 4352 xx
1208 4286 1304 4375 partis
1327 4300 1460 4372 quatuor
1484 4286 1554 4352 libr.
1570 4288 1620 4354 ob.
1635 4313 1665 4374 q.
1689 4288 1729 4353 ad
1750 4289 1861 4356 festum

476 4393 583 4462 Sancti
595 4392 760 4460 Michaelis
776 4392 955 4481 archangeli
969 4405 1001 4458 et
1022 4390 1136 4480 pasche
1158 4413 1215 4480 per
1239 4390 1364 4477 equales
1386 4390 1548 4479 porciones
1571 4408 1665 4478 prout
1688 4390 1722 4456 in
1745 4391 1862 4460 eisdem

1752 4499 1862 4569 litteris
