4368 5408
811 1471 1209 1578 ADDENDA.
1328 1492 1330 1496 ’

324 1763 475 1938 THE
491 1764 679 1864 following
699 1765 921 1855 documenta
940 1770 1167 1843 transcribed
1188 1769 1280 1843 from
1298 1769 1360 1842 the
1379 1767 1590 1843 Recorder's
1608 1760 1713 1838 Book

444 1885 486 1958 of
498 1886 560 1959 the
581 1887 666 1987 City
680 1887 722 1961 of
733 1889 882 1976 Dublin‚
893 1892 943 1990 by
960 1893 1023 1964 Dr.
1039 1891 1190 1987 Aquilla
1210 1890 1338 1976 saith,
1356 1890 1420 1964 did
1436 1903 1501 1962 not
1518 1911 1618 1962 come
1637 1886 1713 1958 into

324 2002 384 2077 the
407 2005 525 2080 hands
543 2007 585 2080 of
596 2007 658 2082 the
683 2009 813 2084 Editor
830 2013 924 2086 until
942 2011 1003 2086 the
1030 2012 1099 2086 last
1117 2012 1218 2086 sheet
1235 2011 1278 2084 of
1289 2011 1350 2084 the
1369 2009 1621 2084 Introduction
1640 2027 1713 2075 was

324 2125 468 2224 passing
486 2126 643 2227 through
660 2129 722 2203 the
740 2131 856 2205 Press.

1004 2429 1030 2496 1.

639 2604 909 2704 [exauditurus
927 2607 1107 2681 statutum
1124 2611 1160 2680 tt
1176 2603 1411 2704 mammatae]

375 2819 407 2884 N
422 2817 474 2884 dei
490 2818 618 2884 nomine
633 2843 734 2886 amen.
778 2821 840 2886 Per
853 2843 980 2909 presens
994 2820 1157 2909 publicum
1167 2820 1410 2884 instrumentum
1424 2814 1547 2883 cunctis
1567 2826 1714 2904 appareat

411 2921 576 2988 evidenter
591 2922 677 3008 quod
698 2946 781 2988 anno
802 2922 922 2988 domiui
938 2925 977 2990 ab
1000 2922 1219 2988 incarnacione
1241 2921 1382 3008 ejusdem
1394 2920 1566 2988 secundum
1589 2939 1713 2984 cursum

325 3040 356 3090 et
376 3025 647 3114 computaciouem
667 3025 796 3092 ecclesie
810 3025 988 3114 Anglicans
1010 3041 1043 3092 et
1057 3024 1272 3092 Hibernicanc
1293 3023 1473 3088 millessimo
1489 3020 1714 3088 tricentessimo

325 3129 584 3219 quinquagesimo
607 3131 741 3219 septimo
756 3131 938 3198 Indiecione
960 3131 1127 3197 undecima
1150 3129 1265 3197 mensis
1289 3128 1476 3196 Decembris
1505 3114 1557 3195 die
1582 3127 1714 3215 septima

325 3235 524 3323 pontificatus
545 3235 730 3302 sanctissimi
752 3235 787 3300 in
803 3237 929 3302 Christo
955 3238 1052 3326 patris
1073 3261 1109 3303 ao
1129 3237 1250 3303 domini
1270 3239 1369 3304 nostri
1393 3237 1514 3304 domini
1530 3237 1713 3303 Innocencii

324 3341 433 3407 divina
454 3340 656 3429 providencia
680 3365 761 3429 pape
776 3341 858 3406 sexti
873 3365 955 3408 anno
975 3341 1086 3428 quinto
1105 3365 1210 3408 coram
1235 3341 1405 3409 reverende
1430 3341 1631 3408 discrecionis
1646 3342 1714 3406 viro

324 3447 452 3513 domino
467 3447 592 3514 officiali
606 3448 701 3514 curie.
731 3448 949 3516 Dubliniensis
960 3449 993 3514 in
1007 3449 1137 3516 ecclesia
1151 3448 1322 3516 cathedrali
1334 3448 1440 3515 Sancti
1452 3447 1581 3515 Patricii
1592 3448 1714 3514 Dublin

323 3553 356 3618 in
371 3553 441 3620 loco
462 3553 518 3618 ubi
538 3553 756 3620 consistorium
778 3553 940 3642 publicum
965 3567 1089 3620 tenetur
1099 3552 1294 3640 judicialiter
1307 3551 1444 3618 sedente.
1489 3552 1528 3616 In
1553 3553 1715 3640 presencia

323 3659 386 3724 mei
413 3659 527 3724 notarii
556 3660 674 3748 publici
700 3659 890 3750 infrascripti
915 3676 948 3727 et
970 3661 1097 3727 testium
1123 3658 1350 3748 obscriptorum
1379 3657 1420 3724 ad
1448 3657 1509 3723 hoc
1532 3670 1714 3724 vocatorum

318 3777 357 3828 -et
370 3777 550 3852 rogatorum
564 3787 747 3851 comparens
762 3763 924 3853 religiosus
938 3764 988 3830 vir
1008 3764 1103 3831 frater
1117 3765 1229 3830 Petrus
1244 3763 1353 3852 Begge
1368 3761 1536 3828 canonicus
1551 3775 1584 3828 et
1598 3763 1714 3850 profes-

324 3891 375 3932 sus
389 3867 500 3934 domus
515 3867 668 3932 Omnium
690 3867 877 3934 Sanctorum
894 3868 991 3954 juxta
1006 3868 1131 3935 Dublin
1147 3868 1366 3936 Dubliniensis
1388 3868 1519 3934 dioceds
1533 3885 1715 3957 procurator

325 3976 540 4064 religiosorum
554 3976 694 4041 virorum
705 3975 817 4064 prioris
831 3989 864 4041 et
877 3990 1050 4042 conventus
1070 3975 1211 4065 predicte
1225 3974 1337 4040 domus
1352 3973 1505 4040 Omnium
1529 3973 1713 4040 Sanctorum

323 4105 379 4168 per
392 4081 518 4148 eosdem
532 4081 702 4148 literatorie
722 4081 927 4147 constitutus·
944 4081 984 4148 dc
998 4084 1090 4171 cujus
1110 4081 1324 4172 procuratorio
1338 4081 1442 4170 sigillo
1464 4081 1636 4147 eorundem
1650 4081 1714 4168 pri-

323 4188 383 4253 oris
406 4203 439 4254 et
460 4201 633 4254 conventus
655 4187 815 4254 communi
840 4188 920 4254 bene
945 4187 1025 4254 mihi
1047 4188 1167 4255 notario
1192 4201 1267 4254 noto
1289 4187 1472 4276 eondgnato
1493 4187 1654 4253 constabat
1675 4187 1715 4252 ad

321 4294 450 4381 plenum
466 4319 472 4330 ·
490 4293 640 4380 quasdam
654 4293 772 4361 litteras
786 4318 850 4359 non
872 4317 954 4360 rasas
976 4318 1039 4361 non
1062 4295 1191 4362 abolitas
1211 4319 1277 4362 non
1291 4295 1476 4362 cancellatas
1491 4318 1549 4360 nec
1563 4294 1597 4358 in
1612 4293 1717 4380 aliqua

321 4400 369 4464 sui
384 4415 470 4488 parte
485 4401 615 4468 viciatus
629 4425 723 4490 super
737 4401 933 4470 assecucione
948 4403 1077 4470 ecclesie
1092 4404 1132 4470 dc
1148 4401 1380 4470 Rathmacneth
1395 4401 1560 4468 Femensis
1575 4401 1714 4468 diocesis.

1619 4533 1713 4574 unam
