4306 5414
1140 635 1185 704 86

1137 906 1185 977 11.

474 1087 645 1187 [bruas
665 1090 1032 1180 montemtremitum
1055 1108 1199 1167 manses
1222 1111 1273 1184 pu
1296 1093 1445 1186 qfittonm
1471 1091 1641 1165 munium
1661 1092 1860 1177 §umorum

469 1211 631 1311 bobba]

563 1414 703 1481 Niversis
727 1413 844 1479 Christi
867 1413 1013 1479 fidelibus
1038 1414 1077 1479 ad
1100 1439 1177 1501 quos
1196 1439 1322 1504 presens
1347 1415 1498 1503 scriptum
1523 1414 1710 1501 pervenerit.
1751 1414 1860 1480 Frater

586 1521 737 1587 Ricardus
752 1520 837 1608 prior
852 1521 1005 1586 Omnium
1027 1521 1212 1588 Sanctorum
1233 1524 1386 1590 Dublinie
1406 1538 1438 1590 et
1455 1524 1597 1609 ejusdem
1611 1523 1672 1589 loci
1688 1536 1860 1589 conventus

466 1629 597 1694 salutem
612 1627 646 1692 in
661 1627 809 1692 Domino.
839 1627 954 1694 Vestrs
964 1629 1088 1695 noverit
1101 1630 1286 1698 universitas
1301 1655 1358 1696 nos
1372 1630 1493 1696 dedisse
1508 1643 1540 1694 et
1554 1628 1739 1695 concessisse
1754 1644 1787 1694 ct
1800 1630 1859 1695 hnc

466 1733 601 1822 presenti
616 1747 700 1798 carta
714 1747 818 1798 nostra
832 1733 1027 1799 confirmasse
1037 1734 1162 1822 Rogero
1172 1735 1381 1802 Comubiensi
1396 1749 1428 1800 et
1442 1733 1610 1800 heredibus
1624 1733 1687 1799 suis
1703 1734 1859 1820 quandam

466 1839 650 1928 particulam
663 1852 741 1904 terre
753 1854 856 1905 nostre
869 1839 903 1904 in
914 1840 1063 1905 suburbio
1076 1841 1229 1907 Dublinie
1242 1842 1276 1907 in
1288 1842 1435 1930 parochia
1447 1843 1560 1909 Sancte
1572 1842 1673 1908 Maric
1688 1844 1727 1910 de
1740 1844 1837 1911 Hulle
1851 1885 1856 1896 ·

466 1946 615 2011 videlicet
629 1960 742 2012 terram
754 1947 911 2033 illamque
921 1947 1007 2033 jacet
1021 1947 1103 2013 inter
1114 1962 1228 2014 terram
1237 1949 1355 2038 Rogeri
1365 1948 1587 2015 Comubiensis
1598 1974 1641 2015 ex
1652 1974 1716 2016 una
1726 1963 1812 2038 parte
1826 1965 1859 2017 et

467 2067 657 2138 terramque
673 2051 913 2116 luitHamundi
932 2051 1019 2116 Ruffi
1039 2076 1082 2118 ex
1102 2053 1198 2118 altera
1214 2092 1221 2104 ·
1238 2067 1270 2119 et
1292 2053 1433 2120 continet
1450 2053 1484 2118 in
1500 2053 1603 2120 fronte
1622 2055 1752 2144 triginta
1765 2057 1859 2144 pedes

466 2185 572 2226 versus
587 2160 751 2226 australem
764 2173 884 2247 partem
899 2175 931 2226 et
945 2160 1037 2226 durat
1051 2160 1085 2224 in
1099 2161 1230 2250 longum
1245 2186 1351 2228 versus
1373 2162 1553 2248 aquilonem
1571 2185 1670 2248 usque
1690 2162 1730 2228 ad
1744 2176 1857 2228 terram

464 2267 597 2355 predicti
618 2266 783 2334 Hamundi
804 2265 900 2330 Ruffi.
945 2265 1130 2331 Tenendum
1152 2279 1185 2331 et
1207 2265 1383 2332 habendam
1406 2267 1446 2332 de
1467 2266 1558 2332 nobis
1579 2280 1612 2333 et
1633 2267 1859 2333 successoribus

465 2374 575 2439 nostris
590 2373 649 2439 sibi
664 2387 696 2438 ct
710 2372 877 2439 heredibus
890 2372 953 2437 suis
970 2411 976 2423 ·
993 2373 1091 2438 libere
1106 2388 1139 2439 et
1153 2373 1259 2460 quiete
1272 2373 1393 2463 integre
1408 2388 1440 2440 et
1454 2372 1592 2462 plenarie
1603 2386 1639 2440 'et
1648 2373 1721 2460 jure
1735 2373 1857 2440 heredi·

465 2483 543 2548 tario
558 2482 639 2549 siout
658 2495 771 2548 terram
785 2481 877 2547 libori
891 2481 1045 2570 burgagii.
1091 2482 1266 2548 Reddendo
1280 2481 1355 2548 inde
1374 2480 1536 2547 annuatim
1557 2480 1635 2544 duos
1653 2478 1767 2544 solidos
1782 2490 1856 2543 ster-

464 2591 623 2678 lingorum
639 2589 679 2654 ad
693 2590 771 2654 duos
786 2588 934 2654 terminos
953 2589 1027 2654 enni
1042 2624 1050 2638 ·
1066 2589 1216 2656 videlieet
1230 2590 1288 2678 xij.
1304 2590 1447 2657 denarios
1462 2588 1664 2656 adPasoham
1678 2600 1711 2653 et
1725 2586 1857 2652 totidem

464 2697 504 2762 sd
518 2697 632 2762 festum
649 2695 756 2762 Sancti
771 2695 937 2761 Michaelis
951 2719 1008 2783 pro
1023 2696 1110 2760 omni
1125 2696 1251 2763 servitio
1266 2696 1431 2763 exactione
1445 2708 1478 2761 et
1496 2693 1652 2761 demands
1675 2731 1682 2745 ·
1705 2706 1737 2758 ct
1752 2744 1759 2758 .
1777 2743 1784 2758 .
1800 2743 1807 2757 .
1825 2744 1831 2757 .
1849 2744 1854 2758 .

464 2804 568 2869 stione
578 2802 731 2868 heredum
743 2802 908 2868 dimidiam
922 2803 1034 2869 libram
1049 2803 1170 2892 cymini
1184 2805 1224 2870 de
1239 2803 1461 2893 recognitione.
1494 2801 1529 2867 si
1544 2824 1619 2867 vero
1634 2799 1736 2865 dictus
1751 2797 1790 2863 R
1805 2797 1858 2863 vel

463 2910 594 2976 heredes
609 2908 657 2973 sui
672 2922 743 2996 post
756 2907 859 2995 ipsum
875 2907 992 2974 dictam
1006 2920 1120 2974 terram
1134 2908 1269 2974 alienare
1284 2908 1447 2974 voluerint
1463 2944 1470 2958 ·
1485 2906 1587 2995 primo
1605 2903 1696 2970 nobis
1711 2902 1858 2968 offeratur

463 3040 520 3104 pro
535 3015 646 3082 eodem
660 3014 761 3103 pretio
776 3040 839 3100 quo
854 3014 932 3081 alius
946 3040 1016 3082 eam
1029 3016 1144 3084 habere
1159 3017 1282 3105 poterit.
1313 3017 1408 3097 Quod
1422 3018 1448 3083 si
1463 3039 1532 3083 eam
1542 3014 1587 3080 ita
1600 3013 1733 3079 retinere
1748 3009 1856 3075 nolue-

463 3123 561 3188 rimus
578 3161 584 3174 ·
600 3121 716 3187 saciant
731 3120 876 3186 dominus
891 3121 930 3186 R.
946 3135 978 3187 et
992 3120 1122 3187 heredes
1136 3122 1185 3188 sui
1199 3121 1326 3189 libitum
1345 3145 1436 3186 suum
1451 3121 1491 3187 de
1506 3119 1590 3186 dicta
1604 3130 1686 3183 terra
1700 3115 1785 3182 salvo
1799 3113 1855 3178 do·

462 3225 531 3291 mui
553 3238 658 3290 nostro
682 3223 809 3289 redditu
834 3223 1060 3310 prenominato.
1101 3225 1148 3290 Ut
1170 3225 1270 3313 igitur
1295 3226 1355 3292 hec
1378 3237 1485 3291 nostre
1512 3235 1617 3289 nostre
1639 3221 1767 3287 donatio
1791 3223 1854 3306 [et]

464 3331 621 3398 concessio
644 3331 740 3396 robur
765 3328 905 3394 obtineat
927 3328 1059 3395 firmiter
1077 3329 1112 3395 in
1133 3344 1321 3420 perpetuum
1345 3330 1483 3420 presenti
1505 3329 1620 3417 scripto
1643 3327 1739 3416 sigilli
1758 3325 1855 3392 nostri

462 3436 697 3525 impressionem
711 3433 806 3523 aponi
820 3432 958 3500 fecimus.
1002 3433 1076 3499 Hiis
1091 3435 1221 3502 testibus
1238 3475 1244 3488 ·
1263 3436 1421 3525 Stephano
1436 3436 1476 3502 de
1490 3436 1521 3502 le
1535 3435 1626 3502 More
1642 3485 1649 3500 .
1665 3433 1801 3499 Radulfo
1816 3432 1855 3498 de

463 3543 568 3609 Forda
584 3579 590 3594 ·
607 3542 749 3608 Walters
766 3539 931 3607 Sesewode
950 3577 957 3590 ·
981 3539 1120 3608 Roberto
1134 3555 1258 3610 textore
1277 3581 1285 3596 ·
1306 3543 1446 3610 Henrico
1461 3542 1501 3608 de
1516 3541 1617 3608 Hulln
1632 3580 1639 3593 ·
1654 3539 1677 3606 J
1678 3540 1800 3605 ohanne
1814 3538 1854 3604 de

463 3650 563 3715 Hulla
578 3687 585 3700 ·
603 3647 731 3716 Simone
746 3646 859 3714 clerico
874 3658 907 3714 et
921 3645 989 3712 aliis
1003 3647 1119 3714 multis.

1121 3933 1189 4007 111.

781 4115 962 4216 [visitatu
979 4118 1154 4196 wssblut
1172 4122 1304 4213 rptstopt
1320 4115 1533 4218 frumeta]

557 4299 698 4368 Niversis
716 4313 820 4368 sancte
842 4300 949 4367 matris
970 4301 1099 4370 ecclesie
1119 4303 1193 4370 filiis
1211 4304 1402 4391 adquorum
1421 4299 1570 4368 noticiam
1589 4315 1746 4389 presentes
1764 4303 1854 4370 litere

572 4408 781 4499 pervenerint.
796 4407 977 4476 Willelmus
992 4409 1044 4478 dei
1058 4410 1163 4501 gracia
1171 4411 1336 4481 Femensis
1353 4410 1516 4501 episcopus
1530 4407 1663 4476 salutem
1676 4409 1711 4474 in
1726 4409 1854 4475 domino

1608 4531 1829 4604 sempiternam
1845 4554 1852 4568 ·
