4368 5408
995 597 1050 670 xli

328 769 387 838 isse
408 773 443 838 in
464 774 564 841 forma
587 801 647 862 que
669 777 818 864 sequitur.
864 779 1028 846 Universis
1044 780 1163 847 Christi
1189 781 1333 848 fidelibus
1356 784 1396 849 ad
1421 809 1554 870 quorum
1576 786 1725 858 noticiam

327 893 484 965 presentes
505 881 609 948 littere
634 883 835 971 pervenerint
858 883 901 949 H.
918 884 969 949 dei
984 885 1090 973 gracia
1105 884 1272 951 Fomensis
1287 887 1415 954 ecclesie
1435 890 1577 956 minister
1597 892 1726 963 humilis

327 1001 466 1054 eternam
480 989 513 1054 in
529 989 658 1057 domino
672 993 804 1060 salutem
828 1031 835 1044 ·
859 993 975 1059 Vestra
996 994 1120 1059 noverit
1134 994 1320 1060 universitas
1335 1019 1390 1061 nos
1406 996 1526 1062 dedisse
1541 1014 1573 1064 et
1587 1000 1724 1086 presenti

327 1107 411 1158 carta
425 1094 621 1162 confirmasse
636 1097 733 1185 priori
755 1111 787 1164 ct
800 1099 958 1164 canonicis
981 1098 1092 1164 domus
1109 1099 1264 1164 Omnium
1286 1101 1472 1166 Sanctorum
1484 1102 1582 1188 juxta
1599 1104 1722 1170 Dublin

327 1199 487 1266 ecclesiam
501 1201 541 1267 de
557 1201 788 1270 Rathmacneth
809 1227 882 1270 curn
896 1205 960 1270 suis
975 1204 1176 1294 pertinenciis
1192 1205 1227 1270 in
1241 1206 1383 1294 proprios
1398 1231 1471 1272 usus
1491 1246 1498 1258 ·
1516 1208 1610 1276 Salva
1632 1210 1722 1278 nobis

327 1304 527 1372 ordinacione
542 1307 657 1375 vicarie
671 1309 716 1376 ita
741 1310 827 1396 quod
848 1309 951 1376 dictus
972 1310 1126 1376 viccarius
1149 1311 1249 1377 solvat
1263 1336 1320 1400 pro
1342 1311 1483 1400 predicta
1505 1314 1636 1380 ecclesia
1650 1339 1722 1382 cum

326 1411 388 1476 suis
404 1411 604 1500 pertinenciis
619 1415 736 1482 eisdem
751 1417 847 1506 priori
861 1431 893 1484 et
904 1418 1062 1484 canonicis
1077 1417 1217 1505 quinque
1231 1443 1348 1484 marcas
1365 1435 1398 1485 et
1412 1419 1577 1486 dimidiam
1592 1420 1722 1510 singulis

326 1515 434 1581 annis·
450 1517 650 1585 medietatem
665 1519 813 1588 videlicet
827 1522 867 1587 ad
882 1523 994 1588 festum
1012 1523 1119 1588 Sancti
1135 1523 1301 1590 Michaelis
1317 1539 1348 1590 et
1363 1523 1456 1590 aliam
1466 1525 1666 1592 medietatem
1682 1528 1723 1594 ad

326 1622 479 1688 Pascham
495 1662 503 1676 ·
519 1648 680 1711 quousque
696 1625 793 1714 ipsius
808 1626 937 1692 ecclesie
952 1626 1113 1692 facultates
1128 1626 1328 1693 excreverint
1342 1627 1427 1714 quod
1449 1625 1589 1716 ipsorum
1610 1630 1722 1718 prioris

326 1741 358 1793 et
380 1729 602 1796 canonicorum
625 1731 732 1820 porcio
754 1731 851 1820 possit
877 1733 1072 1822 augmentari
1096 1771 1103 1786 ·
1127 1733 1217 1800 Idem
1240 1758 1315 1800 vero
1330 1733 1483 1800 riccarius
1507 1735 1546 1800 de
1576 1736 1723 1803 omnibus

326 1837 490 1904 ordinariis
503 1839 705 1927 respondebit
719 1853 752 1904 et
765 1839 805 1904 de
827 1839 1082 1904 extraordinariis
1097 1864 1154 1928 pro
1169 1852 1244 1905 rata.
1289 1840 1328 1904 In
1343 1841 1432 1927 cujus
1444 1841 1489 1906 rei
1506 1839 1721 1910 testimonium

325 1968 451 2033 presens
460 1945 611 2034 scriptum
621 1945 716 2033 sigilli
724 1944 821 2010 nostri
833 1945 1035 2033 impressione
1047 1942 1179 2034 dignum
1192 1945 1342 2012 duximus
1353 1947 1565 2012 roborandum
1580 1947 1620 2012 ad
1631 1949 1721 2034 cujus

325 2053 370 2119 rei
386 2052 558 2142 pleniorem
579 2053 728 2119 noticiam
756 2053 931 2118 faciendam
957 2054 1153 2141 presentibus
1176 2051 1316 2142 sigillum
1338 2067 1479 2118 nostrum
1509 2053 1719 2141 apposuimus.

328 2159 403 2224 Dat.
421 2159 546 2225 Dublin
554 2160 597 2246 vij
615 2160 666 2226 die
675 2160 797 2249 Aprilis
812 2185 894 2227 anno
909 2161 1028 2226 domini
1045 2161 1225 2228 millessimo
1240 2173 1309 2228 coc⁰
1326 2161 1475 2228 vicesimo
1490 2185 1583 2227 nono.
1614 2161 1722 2228 Tenor

326 2266 421 2331 tercie
436 2265 538 2330 littere
553 2265 623 2330 talis
638 2279 693 2330 est.
730 2265 830 2354 [Here
835 2267 957 2352 follows
971 2265 1018 2331 tlte
1032 2265 1149 2332 charta
1163 2266 1200 2353 os
1209 2265 1272 2353 Bp.
1285 2265 1400 2344 Adam,
1417 2289 1461 2332 aaa
1476 2265 1589 2351 Rapta.
1606 2288 1636 2352 p.
1654 2289 1665 2330 r
1672 2267 1717 2356 5.]

325 2375 365 2439 In
380 2397 516 2460 quorum
531 2373 673 2438 omnium
688 2385 720 2438 et
734 2371 930 2460 singulorum
946 2371 1167 2461 premissorum
1182 2371 1398 2439 testimonium
1421 2371 1558 2460 prefatus
1574 2371 1720 2436 dominus

325 2481 465 2546 officialis
480 2479 566 2548 curie
584 2479 708 2546 Dublin
725 2504 851 2568 presens
877 2481 1102 2546 documentum
1125 2481 1192 2546 sive
1217 2479 1461 2545 instrumentum
1484 2477 1649 2567 publicum
1664 2501 1721 2564 per

325 2609 375 2649 me
401 2585 558 2650 notarium
582 2584 792 2672 subscriptum
806 2596 838 2649 et
863 2585 997 2650 scribatn
1013 2609 1105 2649 suum
1125 2583 1159 2648 in
1183 2584 1266 2649 hanc
1281 2583 1440 2672 publicam
1464 2584 1596 2648 formam
1618 2581 1719 2672 redigi

325 2691 464 2759 decrerit
479 2705 572 2778 atque
587 2691 667 2757 illud
682 2693 715 2758 in
730 2691 862 2758 formam
876 2693 1036 2780 publicam
1048 2692 1210 2758 redactum
1221 2705 1286 2756 tarn
1300 2690 1404 2779 sigillo
1420 2689 1515 2756 officii
1529 2689 1578 2754 sui
1593 2702 1720 2755 aucteu-

325 2799 387 2864 tico
401 2800 482 2866 bene
497 2799 577 2864 mihi
598 2813 672 2865 noto
695 2823 788 2886 quam
810 2800 873 2865 mei
889 2801 1003 2866 notarii
1018 2801 1110 2889 signo
1132 2813 1281 2866 consueto
1296 2799 1371 2865 fecit
1392 2797 1530 2865 roborari
1551 2797 1720 2863 decernens

325 2905 409 2990 quod
432 2903 507 2970 licet
530 2905 692 2993 continget
713 2905 747 2970 in
772 2919 931 2993 posterum
958 2906 1097 2996 sigillum
1121 2905 1303 2992 hujusmodi
1328 2903 1550 2991 quoquomodo
1575 2901 1718 2989 corumpi

324 3009 529 3076 nihilominus
558 3035 683 3098 presens
715 3011 958 3082 instrumentum
988 3011 1022 3076 in
1052 3037 1107 3078 suo
1136 3014 1247 3079 robore
1280 3023 1461 3099 permaneat
1490 3022 1522 3074 et
1549 3007 1718 3074 earundem

325 3115 508 3204 originalem
534 3116 750 3182 auctoritatem
772 3117 912 3184 obtineat
926 3118 1006 3184 sicut
1021 3118 1116 3207 prius.
1159 3121 1244 3185 Aeta
1270 3132 1343 3184 sunt
1366 3119 1425 3184 hec
1447 3141 1528 3182 anno
1543 3111 1719 3182 indiccione

324 3244 429 3288 mense
444 3221 495 3286 die
510 3220 580 3286 loco
594 3235 626 3286 et
647 3220 831 3308 pontificatu
845 3222 1031 3309 supradictis
1047 3222 1243 3310 presentibus
1266 3222 1446 3288 reverendis
1461 3221 1536 3285 viris
1557 3235 1589 3285 et
1603 3221 1718 3286 discre-

325 3326 363 3391 tis
379 3327 545 3416 ·magistrc
555 3326 767 3393 Willelmode
782 3327 988 3416 Notyngham
1003 3327 1132 3395 ecclesie
1147 3327 1333 3394 cathedralis
1351 3327 1458 3394 Sancti
1478 3324 1608 3392 Patricii
1625 3326 1717 3392 Dub-

323 3430 368 3496 lin
380 3447 557 3520 presentare
569 3468 576 3484 ·
589 3431 737 3521 magistro
749 3432 912 3499 Willelmo
928 3433 1039 3499 Douce
1051 3472 1057 3484 ·
1070 3431 1219 3522 magistro
1229 3431 1392 3498 Willelmo
1402 3431 1441 3498 de
1456 3431 1627 3497 Monmuth
1637 3432 1718 3518 juris

323 3538 448 3626 peritia·
465 3538 627 3606 Willelmo
649 3539 688 3606 de
711 3538 856 3605 Tunstall
881 3539 1010 3627 publico
1034 3539 1176 3606 notario·
1192 3539 1321 3605 domino
1342 3539 1487 3604 Johanne
1502 3537 1592 3626 Vyat
1614 3536 1718 3625 sigillo

324 3643 442 3710 decano
457 3643 700 3711 Christianitatis
722 3645 847 3711 Dublin
872 3658 905 3711 et
928 3645 942 3735 [
1113 3646 1129 3736 ]
1153 3645 1222 3714 aliis
1237 3645 1367 3712 testibus
1382 3644 1422 3710 ad
1436 3643 1585 3733 premissa
1599 3641 1718 3708 vocatis

323 3747 726 3838 specialitas-Recordare
739 3749 836 3826 Book,
852 3773 905 3838 pp.
926 3771 960 3836 17
964 3757 1035 3837 5-8.

379 4555 468 4600 tarsu
486 4555 581 4600 saca.
598 4555 663 4601 soc.
680 4555 731 4602 ro.
748 4557 795 4604 10.
1020 4561 1042 4628 g
