4306 5414
968 630 1014 700 99

294 810 352 854 nec
371 785 411 852 ad
430 808 554 874 presens
575 785 724 852 clamium
744 785 859 853 habere
880 784 915 851 in
935 785 1077 874 predicto
1098 799 1277 854 tenemento
1297 809 1356 852 neo
1377 785 1514 874 aliquam
1535 785 1682 872 injuriam

293 907 365 959 ante
389 892 581 958 disseisinam
602 891 650 958 ibi
670 891 811 958 fecerunt
831 929 838 944 ·
858 903 890 958 et
910 891 971 962 hoc
992 907 1105 982 petunt
1127 894 1213 981 quod
1233 892 1410 980 inquiratur
1431 917 1487 981 per
1508 892 1633 960 assisam
1651 906 1684 958 et

293 1005 404 1066 cetera.
449 998 495 1063 Et
513 998 671 1086 predictus
690 997 862 1063 Mauricius
877 998 965 1065 venit
983 1013 1016 1066 et
1030 1000 1108 1068 dicit
1122 1000 1208 1086 quod
1222 999 1288 1088 ipse
1306 1011 1393 1065 tenet
1415 1009 1593 1064 tenementa
1612 1021 1681 1084 pre-

294 1107 378 1174 dicta
399 1107 438 1174 de
460 1107 602 1195 predicto
623 1105 732 1172 Priore
752 1106 792 1172 ad
806 1106 999 1174 voluntatem
1022 1107 1119 1196 ipsius
1138 1105 1255 1173 Prioris
1273 1106 1313 1172 de
1332 1129 1414 1171 anno
1431 1105 1466 1170 in
1486 1127 1603 1170 annum
1623 1139 1631 1154 ·
1651 1115 1683 1168 et

294 1213 380 1299 quod
393 1212 460 1300 ipse
474 1210 572 1276 nichil
588 1210 674 1276 aliud
688 1209 836 1276 clamium
853 1214 917 1298 [iu]
935 1213 1082 1300 predictis
1096 1212 1281 1278 tenementis
1298 1250 1304 1264 ·
1320 1225 1353 1278 et
1367 1212 1452 1298 quod
1465 1211 1585 1276 nullam
1598 1209 1682 1296 inju-

294 1318 372 1384 riam
387 1332 441 1384 aut
456 1316 648 1384 disseisinam
662 1315 708 1383 ibi
722 1317 797 1384 fecit
813 1357 819 1369 ·
835 1318 915 1406 petit
930 1320 1015 1405 quod
1028 1319 1205 1405 inquiratur
1219 1343 1275 1406 per
1289 1318 1423 1384 assisam.
1467 1318 1511 1382 Et
1525 1315 1683 1405 predictus

293 1423 386 1490 Prior
404 1423 483 1492 dicit
500 1425 587 1512 quod
604 1425 671 1512 ipse
690 1425 819 1512 pacifice
845 1427 1004 1514 [saisitus]
1027 1427 1089 1492 fuit
1111 1427 1259 1516 predictis
1278 1426 1464 1492 tenementis
1488 1449 1561 1492 cum
1586 1423 1682 1514 perti-

292 1531 412 1598 nenciis
427 1555 589 1619 quousque
604 1530 773 1598 dissaisitus
790 1531 853 1598 fuit
871 1557 928 1622 per
941 1534 1097 1622 predictos
1111 1533 1302 1599 Mauricium
1322 1532 1492 1598 Howelum
1505 1533 1528 1597 J
1529 1531 1684 1597 ohannem

293 1635 466 1724 Hugonem
481 1650 514 1703 et
528 1636 703 1703 Henricum
718 1649 750 1704 et
764 1638 844 1724 petit
863 1637 1007 1704 similiter
1020 1638 1106 1726 quod
1121 1640 1242 1726 [inqui]
1259 1651 1345 1703 ratur
1358 1661 1415 1728 per
1429 1637 1563 1704 assisam.
1607 1636 1684 1701 Ideo

293 1757 385 1832 capta
399 1745 492 1812 assisa
505 1769 567 1833 que
581 1760 721 1812 remanet
740 1745 892 1834 capienda
905 1771 1004 1833 usque
1019 1771 1038 1813 a
1052 1747 1104 1813 die
1120 1745 1227 1813 Sancti
1243 1744 1409 1812 Michaelis
1427 1744 1462 1809 in
1477 1767 1531 1810 xv.
1548 1742 1613 1808 dies
1629 1765 1685 1830 pro

294 1847 420 1915 defectu
441 1848 675 1939 recogniciouis.
720 1849 765 1915 Et
779 1852 979 1938 [preceptum
995 1856 1059 1937 est]
1082 1851 1260 1918 vicecomiti
1275 1851 1361 1938 quod
1374 1851 1489 1918 habeat
1501 1862 1549 1926 tot
1563 1863 1595 1916 et
1609 1848 1685 1916 tales

295 1969 328 2021 et
341 1969 453 2024 cetera.
498 1956 588 2024 Idem
603 1956 670 2022 dies
684 1969 731 2022 est
745 1955 884 2044 partibus
899 1971 932 2023 et
945 1969 1056 2024 cetera.

949 2220 1038 2294 XII.

574 2401 645 2504 [ur
662 2405 758 2480 lint:
775 2403 847 2498 ᾙΙτ
868 2428 923 2478 20.
949 2407 1046 2498 Qu.
1063 2405 1140 2481 tsi.
1158 2404 1308 2493 aaut:
1332 2399 1401 2500 10.]

378 2606 548 2673 Dmundus
571 2607 693 2696 Bryans
710 2608 750 2674 de
768 2606 891 2674 Dublin
910 2609 1015 2696 posuit
1037 2609 1106 2676 loco
1126 2632 1182 2674 suo
1203 2607 1359 2674 Thomam
1382 2605 1561 2672 Archibold
1582 2627 1688 2670 versus

401 2714 558 2780 Thomam
572 2712 715 2780 Priorem
730 2711 883 2778 Omnium
900 2711 1086 2779 Sanctorum
1095 2713 1192 2799 juxta
1205 2710 1329 2779 Dublin
1343 2712 1377 2776 in
1392 2711 1506 2800 placito
1521 2711 1629 2778 debiti.

942 2958 1051 3032 XIII.

355 3147 667 3249 [visitationum
684 3143 854 3218 &uatum
872 3139 1101 3242 Quantum]
1130 3144 1185 3218 tet
1202 3145 1288 3235 nra.
1306 3145 1469 3235 utrarum,
1497 3143 1551 3218 tal.
1572 3149 1627 3242 58.

390 3347 517 3415 Isitacio
537 3346 690 3435 prioratus
712 3345 778 3412 sive
793 3343 904 3410 domus
924 3345 1077 3412 Omnium
1101 3345 1287 3414 Sanctorum
1306 3348 1402 3432 juxta
1424 3347 1556 3415 Dublin.
1581 3347 1689 3414 habita

411 3471 444 3524 et
457 3457 539 3523 facta
552 3477 609 3544 per
622 3454 806 3542 magistrum
821 3451 860 3516 R.
876 3451 1017 3518 Warenn
1031 3451 1196 3518 officialem
1211 3453 1268 3519 &u
1283 3451 1388 3518 xxvii.
1403 3451 1455 3518 die
1469 3452 1591 3540 Aprilis
1606 3477 1687 3520 anno

294 3566 415 3632 domini
440 3577 486 3630 m⁰
500 3589 572 3632 cccc
585 3562 703 3650 lxviijr.
718 3574 750 3628 et
763 3562 1014 3648 comparentibus
1028 3561 1063 3626 in
1077 3561 1171 3626 domo
1185 3559 1349 3649 capitulari
1363 3559 1496 3648 predicti
1509 3560 1689 3627 monasterii

293 3673 442 3740 fratribus
450 3671 613 3738 Willelmo
624 3669 766 3736 Stewnot
774 3668 876 3756 priore
886 3705 894 3719 ·
906 3667 1064 3734 Richardo
1076 3667 1195 3734 Oristor
1205 3666 1366 3754 subpriore
1379 3665 1534 3734 ·Waltero
1549 3666 1668 3733 Fowlre
1682 3703 1689 3720 ·

294 3779 431 3847 Patricio
445 3779 561 3867 Wyott
584 3814 591 3829 ·
614 3776 753 3842 Roberto
768 3773 868 3840 Blalre
885 3811 892 3826 ·
912 3787 945 3840 et
959 3773 1093 3841 Ricardo
1113 3773 1249 3840 Harrold
1268 3772 1426 3840 canonicis
1447 3772 1531 3840 dicte
1550 3772 1688 3841 ecclesie.

295 3885 389 3952 Unde
411 3882 562 3973 expositis
587 3883 632 3950 eis
649 3881 788 3948 articulis
802 3880 989 3948 visitationis
1011 3882 1102 3948 Prior
1115 3880 1194 3949 dicit
1215 3881 1300 3968 quod
1324 3904 1431 3947 omnes
1452 3880 1595 3948 canonici
1617 3895 1691 3947 sunt

296 3991 376 4056 bene
391 3989 572 4057 obedientes
587 4002 619 4056 et
632 3987 715 4056 satis.
