4284 5412
987 693 1032 766 59

315 847 388 913 inde
402 849 519 914 habent
535 888 542 900 ·
559 850 700 915 faciendo
714 851 789 918 inde
803 851 899 917 michi
915 863 946 918 et
960 851 1127 919 heredibus
1146 853 1224 918 meis
1247 853 1413 919 servicium
1426 853 1614 920 forinsecum
1628 879 1701 921 cum

315 958 433 1020 venerit
443 956 538 1042 juxta
553 956 639 1043 quod
653 956 755 1023 dictus
770 959 931 1025 Gilbertus
945 973 978 1025 et
991 981 1179 1027 successores
1194 960 1241 1026 sui
1256 959 1356 1026 secere
1369 972 1606 1026 consueverunt.

378 1057 422 1124 Et
436 1061 521 1146 quod
536 1061 634 1148 quieti
646 1063 707 1127 sint
717 1076 750 1128 et
760 1061 891 1129 relaxati
903 1064 942 1129 de
953 1065 1171 1129 communibus
1182 1063 1273 1130 sectis
1287 1063 1374 1130 curie
1383 1087 1452 1130 mee
1463 1064 1502 1130 de
1514 1063 1701 1130 Cestelcnok

314 1162 370 1228 nisi
383 1164 479 1231 fuerit
498 1191 555 1256 per
579 1169 846 1237 efforciamentum
870 1171 956 1238 curie
980 1173 1119 1260 predicte
1145 1186 1200 1238 aut
1223 1173 1308 1259 quod
1321 1173 1410 1238 litere
1429 1172 1515 1261 regie
1527 1172 1645 1238 fuerint
1666 1174 1700 1238 in

314 1270 420 1336 eadem
435 1273 522 1340 curia
532 1275 726 1343 terminande
736 1292 769 1343 et
779 1291 854 1344 tunc
866 1277 900 1343 in
914 1279 1023 1345 eadem
1035 1279 1121 1345 curia
1135 1279 1285 1345 accedant
1296 1291 1349 1344 aut
1359 1301 1416 1367 per
1429 1302 1462 1344 se
1476 1293 1530 1343 aut
1540 1301 1594 1366 per
1605 1279 1700 1345 inter-

314 1375 443 1462 positam
457 1402 619 1467 personam
634 1393 822 1448 attomatum
841 1407 958 1455 eorum.
1002 1385 1065 1449 Pro
1080 1384 1139 1450 hac
1154 1397 1258 1450 autem
1273 1383 1469 1451 concessione
1488 1398 1521 1450 et
1534 1399 1616 1452 carte
1630 1411 1699 1454 mee

314 1482 550 1552 confirmacione
565 1485 719 1554 dederunt
732 1489 830 1556 michi
845 1490 922 1556 dicti
937 1490 1028 1556 Prior
1041 1503 1073 1557 et
1088 1503 1260 1556 conventus
1275 1491 1351 1556 duas
1365 1513 1482 1556 marcas
1497 1492 1626 1580 argenti.

375 1593 420 1658 Et
433 1608 470 1660 ut
484 1595 542 1662 hec
557 1621 626 1662 mea
640 1597 796 1664 concessio
815 1609 847 1664 et
861 1610 944 1664 carte
959 1596 1158 1664 confirmacio
1179 1598 1274 1663 robur
1288 1597 1444 1662 firmitatis
1459 1598 1599 1685 optineat
1612 1599 1698 1688 sigil-

315 1697 379 1762 lum
394 1723 500 1765 meum
514 1700 589 1766 huic
611 1701 726 1790 scripto
746 1701 885 1789 apposui.
930 1702 1003 1767 Hiis
1018 1703 1148 1768 testibus
1165 1741 1171 1754 ·
1188 1702 1323 1768 dominis
1337 1701 1475 1792 Hugone
1490 1702 1530 1768 de
1545 1702 1676 1770 Estham
1693 1744 1699 1756 ·

315 1803 475 1870 Willelmc
499 1805 537 1871 de
561 1806 681 1894 Frenys
697 1845 704 1857 ·
720 1806 855 1873 Ricardo
871 1807 981 1895 Tyrell
998 1807 1179 1873 ·Willelmo
1194 1808 1326 1874 Bostnrd
1343 1845 1349 1859 ·
1367 1806 1526 1896 Stephano
1547 1808 1586 1872 de
1601 1808 1699 1875 Eues-

315 1909 383 1975 weil
399 1949 405 1962 ·
422 1910 546 1999 Rogero
565 1912 604 1977 de
621 1909 803 1977 Mesintoun
820 1951 826 1964 ·
842 1912 1006 1979 willelmo
1023 1913 1062 1979 de
1078 1913 1162 1979 Reth
1177 1913 1304 2000 juniore
1321 1914 1434 1979 ·Petro
1449 1913 1488 1979 de
1504 1913 1607 1980 Culnk
1621 1953 1627 1966 ·
1642 1916 1665 1980 J
1666 1939 1698 1980 o-

315 2012 414 2080 hanne
431 2015 470 2081 de
483 2016 606 2081 Ardinc
619 2055 625 2067 ·
640 2016 775 2082 Ricardo
790 2015 936 2102 Serjaunt
953 2018 1142 2108 ·Redulpho
1161 2019 1307 2106 Serjaunt
1324 2058 1330 2072 ·
1347 2021 1516 2109 Radulpho
1531 2021 1570 2090 de
1585 2021 1700 2090 Sancta

317 2118 469 2186 Trinitatc
482 2159 488 2172 ·
501 2120 636 2188 Ricardo
651 2120 764 2186 clerico
778 2134 811 2188 et
825 2121 901 2188 aliis.

934 2384 1075 2456 LXIH.

610 2569 788 2644 decursis
803 2574 840 2641 u
857 2581 939 2645 stuc
956 2571 1036 2643 tutu
1052 2573 1087 2643 u
1105 2569 1318 2676 destruetur,
1337 2575 1391 2644 tu.

408 2760 547 2827 Niversis
562 2773 667 2826 sancte
681 2759 788 2825 metris
802 2759 931 2826 ecclesie
947 2760 1020 2824 filiis
1040 2761 1080 2826 ad
1094 2784 1171 2846 quos
1193 2771 1350 2847 presentes
1370 2759 1458 2826 litere
1473 2762 1673 2850 pervenerint
1688 2800 1697 2815 ·

430 2868 527 2956 Hugo
552 2867 662 2956 Tyrell
680 2867 764 2932 filius
785 2866 912 2932 Riccrdi
937 2867 1047 2955 Tyrell
1070 2868 1215 2932 dominus
1234 2869 1273 2934 de
1295 2869 1487 2936 Castroenok
1510 2872 1640 2938 salutem
1663 2871 1697 2938 in

314 2969 448 3038 Domino
461 3011 468 3025 ·
482 2973 564 3038 Cum
579 2974 742 3040 contencio
761 2985 846 3038 mota
869 2985 948 3038 esset
962 2973 1109 3039 interme
1131 2997 1174 3039 ex
1196 2997 1260 3039 una
1273 2987 1361 3063 parte
1376 2987 1408 3040 et
1421 2975 1562 3043 Priorem
1576 2991 1609 3043 et
1623 3001 1696 3044 con·

312 3093 438 3145 ventum
453 3081 563 3146 domus
579 3081 731 3147 Omnium
744 3081 928 3147 Sanctorum
938 3082 1034 3168 juxte
1048 3081 1170 3147 Dublin
1185 3105 1227 3148 ex
1243 3082 1339 3148 altera
1352 3095 1439 3170 parte
1454 3107 1547 3172 super
1561 3084 1696 3170 quadam

312 3199 390 3253 secta
404 3187 489 3254 curie
504 3188 600 3254 michi
616 3202 648 3255 et
662 3188 829 3255 heredibus
843 3188 921 3255 meis
935 3189 1077 3256 facienda
1091 3190 1130 3256 ad
1145 3191 1264 3256 curiam
1278 3213 1380 3257 meam
1395 3192 1434 3257 de
1448 3192 1640 3258 Castrocnok
1655 3192 1694 3258 de

311 3303 389 3357 terra
403 3293 442 3358 de
458 3292 638 3382 Kylmellan
655 3332 662 3345 ·
678 3293 826 3360 videlicet
848 3295 881 3358 in
905 3295 1173 3363 efferciamentum
1195 3299 1336 3386 predicte
1358 3300 1444 3366 curie
1466 3325 1536 3367 mee
1554 3302 1606 3366 vel
1621 3326 1694 3368 cum

310 3398 401 3464 breve
411 3400 533 3487 regium
543 3400 638 3466 fuerit
648 3399 682 3465 in
693 3400 801 3466 eadem
816 3400 903 3466 curia
913 3400 1192 3470 determinandum.
1237 3404 1322 3473 Volo
1334 3418 1366 3472 ct
1376 3406 1513 3472 concedo
1524 3429 1580 3495 pro
1595 3408 1693 3475 salute

310 3503 409 3570 anime
424 3528 493 3571 mee
508 3505 628 3572 Leticie
642 3505 750 3571 uxoris
765 3528 833 3572 mee
849 3519 1076 3574 antecessorum
1095 3522 1127 3576 et
1140 3533 1350 3576 successorum
1369 3533 1511 3577 meorum
1524 3514 1609 3599 quod
1622 3537 1692 3602 pre-

309 3611 383 3679 dicti
397 3613 489 3678 Prior
502 3625 535 3678 et
548 3626 719 3680 conventus
733 3625 889 3680 eteorum
909 3638 1096 3683 successores
1110 3617 1246 3685 habeant
1259 3631 1291 3684 et
1305 3631 1431 3684 teneant
1444 3619 1616 3707 predictam
1630 3631 1693 3686 ter-

308 3744 371 3787 ram
390 3721 429 3788 de
449 3721 630 3810 Kylmellnn
655 3745 728 3788 eum
753 3722 954 3810 pertinenciis
979 3724 1042 3790 suis
1068 3726 1205 3812 quietam
1230 3726 1270 3791 ab
1294 3724 1473 3790 omnimoda
1498 3737 1581 3790 secta
1606 3725 1691 3791 curie

309 3827 603 3894 summonicionibus
618 3829 888 3896 atthachiementis
902 3844 935 3896 et
948 3832 1068 3898 cunctis
1082 3835 1175 3900 rebus
1195 3833 1235 3899 ad
1249 3857 1299 3900 me
1312 3833 1365 3900 vel
1378 3833 1509 3899 heredes
1531 3857 1616 3900 meos
1638 3834 1691 3900 vel

308 3936 473 4024 assignatos
495 3959 580 4000 meos
595 3935 635 4000 de
653 3935 794 4024 predicta
807 3949 888 4003 terre
909 3940 1099 4007 exeuntibus
1114 3979 1121 3993 ·
1138 3953 1270 4028 excepte
1283 3941 1437 4029 personali
1451 3939 1690 4029 transgressione

306 4041 401 4108 michi
412 4055 444 4108 et
453 4041 621 4107 heredibus
631 4042 709 4108 meis
720 4067 776 4131 per
786 4043 940 4130 predictos
950 4045 1090 4112 Priorem
1101 4059 1134 4113 et
1144 4059 1333 4114 conventum
1344 4060 1493 4114 eteorum
1503 4069 1690 4113 successores

305 4146 398 4214 illata.
444 4148 538 4214 Salvo
553 4161 675 4214 tanturn
688 4149 833 4217 forinsico
852 4151 983 4218 servicio
998 4155 1083 4241 quod
1097 4154 1137 4220 ad
1151 4165 1273 4220 tantum
1288 4169 1367 4222 terre
1382 4153 1517 4242 pertinet
1530 4176 1602 4219 cum
1617 4175 1688 4217 eve-

306 4255 394 4321 nerit.
953 4331 955 4339 ,

367 4361 417 4426 Ite
430 4370 535 4425 tamen
550 4358 636 4445 quod
646 4382 704 4426 nec
718 4383 777 4449 ego
792 4383 850 4428 nec
860 4361 990 4429 heredes
1003 4362 1056 4428 vel
1066 4363 1212 4452 assignati
1223 4364 1286 4431 mei
1298 4364 1417 4451 aliquid
1426 4363 1507 4450 juris
1518 4361 1569 4428 vel
1583 4361 1687 4428 clamii

304 4465 338 4532 in
351 4465 492 4556 predicta
505 4478 588 4532 secta
602 4466 901 4534 summonicionibus
914 4469 966 4536 vel
980 4468 1251 4537 atthachiamentis
1262 4471 1400 4560 predicte
1414 4483 1494 4537 terre
1505 4470 1544 4536 de
1556 4469 1686 4558 Kylme·

964 4573 982 4638 I
997 4577 1017 4638 2
1632 4575 1685 4642 lan
