4284 5412
1145 604 1190 672 66

1079 871 1261 944 LXXIII.

864 1056 922 1131 Dr
936 1057 1064 1130 tostus
1079 1055 1171 1131 libra
1188 1075 1249 1130 ote
1263 1060 1299 1130 tt
1315 1057 1478 1132 {trasna

543 1245 637 1311 Oiant
650 1257 806 1332 presentes
825 1256 857 1310 et
869 1244 968 1310 futuri
983 1247 1067 1332 quod
1082 1272 1141 1336 ego
1155 1247 1336 1314 Willelmus
1350 1248 1486 1314 Bussard
1499 1247 1583 1312 fihus
1597 1246 1772 1336 Angelnrdi
1787 1245 1868 1310 Bus-

564 1352 634 1420 sard
648 1351 721 1417 dedi
736 1350 872 1416 concessi
887 1363 919 1416 et
933 1351 991 1418 hac
1005 1349 1142 1441 presenti
1156 1365 1241 1418 carta
1254 1377 1324 1418 mea
1338 1353 1521 1420 confirmavi
1536 1353 1606 1418 Deo
1621 1365 1653 1418 et
1666 1353 1756 1418 beate
1766 1351 1868 1418 Maria

478 1472 510 1523 et
524 1456 632 1522 domui
648 1454 799 1521 Omnium
817 1454 1002 1521 Sanctorum
1013 1456 1110 1542 juxta
1123 1456 1247 1522 Dubhn
1265 1470 1297 1523 et
1313 1457 1469 1524 canonicis
1483 1457 1602 1523 ibidem
1617 1457 1686 1522 Deo
1705 1457 1867 1523 servienti-

478 1564 535 1628 bus
550 1563 626 1626 duas
645 1561 739 1625 libras
759 1583 828 1625 cere
847 1560 1009 1625 annuatim
1026 1597 1033 1611 ·
1048 1560 1197 1627 videlicet
1211 1584 1306 1626 unam
1320 1560 1433 1627 libram
1452 1561 1685 1650 percipiendam
1701 1561 1741 1627 ad
1754 1562 1867 1627 festum

476 1667 705 1755 purificacionis
718 1668 809 1732 beate
818 1666 920 1732 Marie
932 1681 965 1732 et
979 1667 1072 1732 aliam
1087 1668 1127 1732 ad
1141 1668 1254 1733 festum
1268 1667 1374 1733 Sancti
1386 1667 1558 1734 Michaelis.
1603 1668 1653 1734 Ita
1666 1685 1771 1734 tamen
1782 1669 1868 1754 quod

477 1773 610 1861 predicti
628 1773 770 1840 canonici
786 1773 896 1839 domus
911 1774 1064 1840 Omnium
1080 1774 1266 1841 Sanctorum
1285 1786 1386 1840 totum
1403 1775 1456 1861 jus
1479 1799 1570 1840 suum
1590 1774 1675 1860 quod
1689 1773 1867 1839 habuamnt

476 1883 527 1948 vel
542 1884 655 1948 habere
670 1895 839 1970 potuerunt
853 1882 887 1946 in
897 1884 990 1948 bosco
1005 1881 1060 1947 illo
1075 1881 1115 1947 de
1130 1905 1192 1966 quo
1207 1880 1371 1946 contencio
1385 1879 1466 1946 facta
1476 1893 1542 1945 erat
1555 1880 1590 1943 in
1604 1894 1744 1968 tempore
1757 1880 1867 1967 Ange-

477 1991 555 2056 lardi
571 1990 667 2077 patris
682 1990 743 2056 mei
758 1990 837 2055 mihi
852 2003 884 2056 et
897 1989 1065 2056 heredibus
1079 1989 1156 2055 meis
1170 1989 1366 2054 relaxabunt.

541 2095 612 2182 Ego
626 2118 700 2160 vero
715 2094 874 2182 predictus
886 2093 1066 2160 Willelmus
1081 2106 1113 2158 et
1126 2092 1256 2158 heredes
1270 2093 1333 2158 mei
1345 2092 1499 2181 predictas
1513 2092 1590 2157 duas
1604 2091 1697 2159 libras
1712 2115 1781 2158 cere
1796 2115 1865 2179 pre·

478 2197 561 2264 dicte
572 2198 680 2263 domui
692 2197 845 2263 Omnium
858 2196 1043 2263 Sanctorum
1055 2196 1094 2262 ad
1109 2196 1264 2285 predictos
1279 2197 1427 2262 terminos
1441 2197 1475 2261 in
1489 2211 1676 2286 perpetuum
1690 2198 1864 2286 persolvere

479 2304 635 2370 debemus.
680 2304 724 2369 Et
745 2317 781 2368 ut
802 2302 861 2369 heo
884 2327 954 2368 mea
968 2302 1099 2368 donacio
1122 2315 1154 2369 et
1176 2303 1332 2369 concessio
1346 2303 1459 2368 futuris
1478 2303 1669 2392 temporibus
1694 2304 1812 2370 stabilis
1834 2319 1866 2368 et

477 2413 659 2478 inconcussa
676 2425 855 2500 permaneat
874 2424 1049 2498 presentem
1072 2425 1188 2479 cartam
1212 2411 1307 2499 sigilli
1321 2411 1384 2477 mei
1398 2411 1572 2476 munimine
1595 2410 1748 2477 roboravi.
1792 2408 1865 2474 Hiis

479 2518 630 2584 testibus·
647 2517 783 2584 Ricardo
802 2516 842 2582 de
860 2516 1000 2605 Fynglas
1016 2554 1023 2566 ·
1040 2515 1190 2603 Philippo
1211 2517 1262 2582 del
1281 2516 1366 2582 Rath
1384 2556 1390 2568 ·
1406 2517 1549 2583 Waltero
1568 2518 1608 2584 de
1631 2517 1747 2584 Rublei
1764 2555 1770 2566 ·
1787 2515 1862 2582 Gal-

477 2624 558 2691 frido
574 2623 709 2690 Bussard
726 2662 731 2673 ·
747 2622 878 2688 Andrea
892 2622 943 2688 del
959 2623 1062 2688 Rathe
1079 2660 1085 2674 ·
1102 2622 1239 2688 Oristino
1255 2623 1446 2690 OMurthan
1461 2635 1493 2689 et
1507 2623 1613 2689 multis
1628 2622 1705 2689 aliis.

1079 2969 1261 3044 LXXIV.

1049 3155 1107 3230 Bt
1124 3154 1206 3229 istra
1224 3175 1293 3230 terr.

547 3344 641 3410 Oiant
655 3354 811 3432 presentes
830 3355 862 3408 et
876 3342 974 3409 futuri
989 3344 1074 3430 quod
1092 3369 1153 3434 ego
1169 3344 1324 3410 Ouenilda
1337 3345 1402 3410 filia
1416 3345 1548 3412 Henrici
1564 3345 1767 3434 Macgorman
1781 3369 1864 3411 com-

566 3451 655 3518 muni
673 3474 824 3518 consensu
842 3451 1012 3539 proborum
1026 3449 1066 3515 de
1081 3451 1182 3516 Ponte
1206 3474 1248 3516 ex
1276 3463 1363 3538 parte
1378 3450 1480 3518 Midie
1500 3450 1574 3516 dedi
1596 3451 1734 3517 concessi
1756 3465 1788 3517 et
1806 3452 1865 3518 hac

479 3560 614 3648 presenti
629 3573 713 3626 carta
726 3559 908 3627 confirmavi
922 3582 979 3647 pro
995 3558 1098 3626 anima
1112 3558 1274 3648 Radulphi
1287 3558 1390 3625 fratris
1404 3559 1466 3625 mei
1477 3582 1573 3624 unam
1586 3558 1698 3625 libram
1713 3582 1782 3624 cere
1797 3558 1865 3622 Pri-

480 3667 580 3732 oratui
592 3665 745 3732 Omnium
761 3665 948 3732 Sanctorum
962 3664 1085 3730 Dublin
1102 3703 1108 3716 ·
1125 3665 1287 3732 annuatim
1301 3665 1534 3754 percipiendam
1548 3664 1588 3730 ad
1601 3687 1694 3752 pasca
1707 3665 1742 3728 in
1756 3686 1865 3752 puram

481 3787 513 3838 et
528 3786 710 3860 perpetuam
724 3771 924 3838 elemosinam
938 3794 995 3859 pro
1010 3771 1143 3838 clamore
1158 3785 1315 3837 contracto
1329 3771 1412 3836 inter
1429 3795 1480 3836 me
1495 3784 1527 3836 et
1541 3769 1711 3836 Ricardum
1727 3769 1867 3835 Priorem

481 3879 638 3966 quondam
658 3876 796 3964 ejusdem
811 3877 872 3943 loci
889 3916 895 3929 ·
911 3877 1078 3944 tenendam
1097 3891 1129 3943 et
1147 3877 1323 3943 habendam
1337 3877 1377 3943 de
1396 3900 1447 3943 me
1466 3891 1499 3942 et
1517 3876 1684 3942 heredibus
1702 3876 1779 3941 meis
1799 3890 1868 3964 post

483 4010 542 4051 me.

547 4092 618 4179 Ego
637 4089 791 4176 siquidem
814 4105 846 4155 et
860 4091 988 4157 heredes
1011 4091 1074 4157 mei
1094 4091 1266 4180 predictam
1280 4091 1391 4157 libram
1410 4115 1480 4156 cere
1495 4090 1578 4156 dicte
1592 4089 1700 4154 domui
1715 4088 1867 4155 Omnium

484 4198 668 4264 Sanctorum
683 4194 804 4260 Dubhn
824 4196 1093 4262 warantizabimus
1115 4209 1147 4260 et
1167 4194 1252 4282 quod
1265 4194 1458 4283 persolvatur
1479 4193 1641 4260 annuatim
1662 4193 1702 4259 ad
1723 4216 1815 4280 pasca
1828 4194 1868 4258 de

481 4302 587 4366 decem
612 4299 689 4365 acris
709 4311 789 4365 terre
808 4325 884 4386 quas
899 4301 1084 4392 Radulphus
1098 4302 1192 4368 frater
1214 4326 1302 4370 meus
1316 4301 1479 4368 Willelmo
1495 4301 1636 4367 Cullrard
1655 4315 1727 4366 ante
1747 4301 1867 4367 obitum

482 4434 572 4476 suum
587 4408 769 4474 invadiavit.
814 4408 858 4473 Et
871 4422 907 4476 ut
920 4410 978 4476 hec
999 4435 1068 4477 mea
1083 4409 1214 4477 donacio
1233 4423 1265 4475 et
1283 4407 1438 4476 concessio
1456 4408 1490 4474 in
1510 4419 1668 4495 posterum
1689 4419 1755 4472 rata
1776 4405 1817 4471 sit
1837 4421 1869 4471 et

1689 4535 1870 4579 inconcussa
