4284 5412
1145 609 1191 684 72

474 768 647 834 cessoribus
670 780 702 832 et
725 791 832 832 eorum
856 769 1035 835 hominibus
1058 770 1161 836 visum
1178 771 1274 838 fuerit
1295 783 1388 860 prout
1410 783 1494 840 carta
1517 795 1610 858 quam
1634 770 1678 844 de
1693 769 1800 836 David
1820 769 1860 834 de

477 876 590 942 Sancto
602 875 759 941 Michaele
772 876 847 942 inde
861 877 962 943 habeo
977 878 1088 944 melius
1103 892 1135 945 et
1149 879 1272 967 plenius
1285 892 1424 946 testatur.

539 982 705 1046 Tenendns
720 995 752 1046 et
765 982 923 1048 habendas
938 984 1054 1050 eisdem
1070 985 1227 1051 canonicis
1241 998 1273 1052 et
1287 986 1350 1052 auis
1369 985 1593 1052 successoribus
1608 983 1647 1049 de
1662 1005 1713 1047 me
1727 993 1759 1046 et
1772 979 1860 1045 here-

475 1089 566 1153 dibus
580 1087 658 1152 meis
668 1087 765 1153 libere
780 1100 812 1153 et
824 1089 927 1174 quiete
939 1090 1077 1178 plenarie
1089 1104 1120 1157 et
1130 1090 1251 1180 integre
1266 1117 1338 1158 cum
1354 1092 1498 1159 omnibus
1508 1089 1703 1158 libertatibus
1714 1099 1746 1152 et
1756 1084 1862 1152 liberis

474 1192 751 1258 consuetudinibus
766 1217 826 1278 que
842 1193 882 1259 ad
897 1194 995 1260 dictas
1010 1219 1093 1262 acras
1107 1209 1140 1261 ct
1150 1197 1359 1262 communiam
1371 1196 1528 1284 pertinent
1542 1194 1592 1260 vel
1604 1192 1757 1282 pertinere
1772 1203 1860 1278 pote·

474 1311 548 1363 runt
561 1298 595 1362 in
609 1309 805 1384 perpetuum.
849 1297 1022 1364 Reddendo
1036 1299 1111 1366 inde
1135 1302 1296 1367 annuatim
1310 1301 1371 1390 ipsi
1394 1315 1426 1368 et
1448 1324 1635 1368 successores
1658 1298 1706 1364 sui
1728 1298 1807 1362 mihi
1829 1310 1863 1362 et

474 1403 641 1468 heredibus
664 1401 742 1466 meis
757 1401 962 1490 quadraginta
984 1403 1098 1469 solidos
1122 1405 1242 1493 argenti
1266 1406 1306 1471 ad
1329 1406 1406 1470 duos
1430 1407 1577 1471 terminos
1602 1404 1676 1470 anni
1692 1441 1699 1456 ·
1713 1402 1861 1468 videlicet

474 1508 589 1597 viginti
613 1507 726 1572 solidos
751 1508 791 1574 ad
805 1508 918 1574 festum
933 1510 1142 1597 apostolorum
1157 1511 1300 1598 Philippi
1315 1525 1347 1577 et
1359 1511 1471 1578 Jacobi
1497 1524 1529 1576 et
1551 1509 1666 1598 viginti
1685 1508 1798 1574 solidos
1821 1507 1861 1573 sd

475 1615 588 1680 festum
606 1613 758 1679 Omnium
776 1614 959 1680 Sanctorum
979 1640 1035 1704 pro
1056 1617 1141 1681 omni
1161 1617 1302 1683 servicio.
1348 1617 1442 1684 Salvo
1456 1617 1603 1706 homagio
1617 1615 1770 1682 Johannis
1784 1614 1863 1679 Wo-

475 1719 564 1784 deloc
579 1719 775 1785 etheredum
791 1744 917 1785 suorum
931 1721 1010 1786 mihi
1027 1735 1059 1788 et
1072 1722 1239 1788 heredibus
1253 1722 1339 1788 meis.

539 1826 584 1889 Et
597 1850 656 1913 ego
671 1825 856 1891 Waleranus
870 1827 910 1892 de
924 1827 1118 1917 Welleslegh
1138 1842 1169 1895 et
1188 1829 1318 1896 heredes
1339 1830 1403 1896 mei
1417 1830 1509 1896 dictis
1530 1828 1686 1896 canonicis
1703 1841 1736 1893 et
1753 1849 1860 1892 eorum

410 1961 413 1968 Α
475 1931 700 1996 successoribus
714 1931 868 2018 predictas
883 1955 967 1997 acras
981 1957 1053 1998 curn
1067 1933 1269 2021 pertinenciis
1288 1947 1396 2000 contra
1409 1958 1516 2000 omnes
1530 1933 1672 1999 homines
1686 1944 1719 1998 et
1732 1931 1860 1996 feminas

474 2035 508 2099 in
523 2050 708 2124 perpetuum
722 2037 1000 2104 warentizabimus.
1044 2038 1089 2103 Et
1102 2052 1139 2104 ut
1148 2039 1208 2104 hec
1222 2063 1292 2106 mea
1306 2039 1437 2106 donacio
1451 2040 1608 2106 concessio
1622 2052 1655 2106 et
1664 2036 1860 2105 confirmacio

473 2155 622 2230 perpetue
631 2144 785 2209 firmitatis
800 2147 895 2211 robur
906 2147 1044 2213 obtineat
1055 2161 1229 2235 presentem
1244 2161 1359 2214 cartam
1374 2148 1469 2237 sigilli
1480 2148 1543 2214 mei
1557 2146 1758 2236 impressione
1772 2145 1861 2210 robo-

474 2252 550 2318 ravi.
595 2252 667 2318 Hiis
692 2253 821 2319 testibus
838 2292 844 2305 ·
861 2253 988 2319 domino
1003 2253 1146 2320 Waltero
1166 2254 1205 2320 do
1224 2253 1301 2320 Bret
1316 2293 1323 2306 ·
1340 2253 1467 2319 domino
1483 2251 1610 2318 Haketo
1630 2250 1696 2316 filio
1712 2247 1860 2316 Ruelini·

474 2359 548 2426 Ada
562 2359 736 2426 Forestario
753 2396 760 2410 ·
776 2358 898 2424 Milone
913 2358 1093 2425 Lichewere
1110 2396 1117 2416 ι
1133 2357 1295 2424 Willelmo
1310 2357 1404 2425 Libas
1419 2371 1451 2422 et
1464 2355 1571 2422 multis
1585 2354 1662 2421 aliis.

1074 2731 1258 2807 LXXXI.

1027 2918 1084 2992 Xe
1102 2914 1315 3007 dlbpbpaulo.

580 3103 639 3170 EC
654 3116 700 3169 est
714 3103 885 3170 convencio
899 3104 980 3172 sacta
993 3106 1076 3174 inter
1084 3107 1226 3173 Priorem
1237 3119 1269 3173 et
1282 3117 1471 3174 conventum
1483 3104 1593 3168 domus
1602 3102 1755 3170 Omnium
1767 3102 1861 3170 Sanc-

601 3223 705 3274 torum
724 3222 815 3275 extra
829 3209 952 3277 Dublin
970 3235 1012 3276 ex
1031 3237 1094 3278 una
1108 3225 1196 3300 parte
1215 3228 1247 3278 et
1261 3212 1367 3277 Adam
1382 3211 1528 3300 Longum
1543 3210 1582 3275 de
1597 3208 1803 3298 Wykyngelo
1821 3231 1863 3274 ex

476 3317 580 3384 altera.
625 3317 675 3382 lta
689 3315 838 3382 videlicet
853 3317 937 3402 quod
952 3317 978 3382 si
992 3317 1121 3385 heredes
1136 3318 1213 3385 dicti
1227 3318 1301 3386 Ade
1310 3318 1414 3407 Longi
1428 3330 1461 3384 et
1474 3316 1582 3382 uxoris
1597 3341 1650 3382 sue
1666 3315 1784 3381 Edithe
1799 3313 1863 3380 sine

475 3423 643 3489 heredibus
653 3423 691 3488 de
701 3421 826 3510 proprio
838 3421 908 3487 sinu
920 3423 1047 3512 egressis
1056 3447 1129 3490 casu
1140 3423 1340 3512 contingente
1352 3421 1487 3490 obierint
1497 3460 1504 3474 ·
1515 3421 1616 3488 dictus
1621 3421 1728 3487 Adam
1736 3421 1863 3510 Longus

477 3529 565 3596 dedit
579 3543 611 3594 et
625 3529 776 3595 concessit
790 3528 860 3594 Deo
875 3542 907 3594 et
920 3530 1010 3595 beate
1026 3529 1127 3595 Marie
1141 3543 1174 3595 et
1188 3529 1271 3595 dicte
1286 3528 1395 3594 domui
1410 3526 1562 3594 Omnium
1579 3527 1764 3594 Sanctorum
1778 3527 1863 3592 illam

477 3635 616 3722 placeam
631 3634 805 3700 edificatam
821 3657 915 3720 quam
930 3634 1032 3700 dictus
1051 3636 1093 3700 A.
1109 3634 1186 3701 emit
1204 3635 1243 3702 de
1259 3634 1402 3702 Galfn'do
1416 3634 1446 3700 le
1460 3635 1601 3702 Archere
1621 3660 1694 3701 cum
1708 3635 1864 3724 pertinen·

478 3743 544 3810 ciis.
588 3745 632 3808 Et
652 3744 780 3808 domum
803 3757 835 3809 et
855 3743 995 3832 placeam
1019 3768 1113 3829 quam
1128 3743 1229 3810 dictus
1244 3745 1286 3809 A.
1302 3743 1379 3810 emit
1397 3743 1436 3808 de
1460 3742 1626 3809 heredibus
1640 3742 1713 3808 Ade
1734 3741 1864 3810 Scadan.

446 3889 450 3898 ·
478 3850 523 3915 Et
545 3850 703 3915 redditum
725 3874 840 3916 novem
863 3850 1032 3915 solidorum
1052 3875 1146 3936 quem
1159 3842 1244 3917 idem
1258 3849 1301 3915 A.
1314 3849 1391 3916 emit
1409 3849 1449 3914 de
1464 3848 1602 3915 Roberto
1617 3847 1748 3936 Lageles
1771 3860 1803 3912 et
1825 3846 1864 3912 de

477 3956 644 4023 heredibus
659 3957 730 4021 suis.
774 3956 818 4021 Et
829 3956 958 4022 domum
973 3981 1045 4022 cum
1059 3956 1150 4022 furno
1166 3980 1260 4043 quam
1271 3956 1373 4022 dictus
1382 3953 1424 4020 A.
1437 3967 1523 4020 tenet
1534 3954 1573 4019 de
1583 3953 1751 4020 heredibus
1759 3952 1863 4019 Goda-

476 4063 558 4129 fredi
570 4061 679 4150 Mayd.
724 4063 768 4128 Et
781 4063 948 4151 gardinum
963 4064 1048 4151 quod
1062 4064 1164 4131 dictus
1177 4065 1220 4129 A.
1233 4063 1310 4130 emit
1324 4063 1363 4128 de
1377 4061 1545 4128 heredibus
1555 4059 1711 4126 Willelmi
1725 4059 1866 4127 Everard

479 4179 511 4234 et
525 4181 638 4232 terram
652 4166 739 4232 illam
754 4189 847 4252 quam
863 4166 964 4232 dictus
979 4168 1021 4231 A.
1036 4180 1123 4234 tenet
1136 4167 1175 4234 de
1190 4165 1326 4233 Ricardo
1341 4165 1380 4232 de
1395 4165 1570 4232 Herteland
1584 4165 1676 4232 sicuti
1691 4179 1776 4232 carta
1789 4163 1866 4231 dicti

479 4272 552 4338 Ade
568 4270 671 4359 Longi
685 4270 797 4336 melius
816 4283 848 4335 et
866 4270 989 4359 plenius
1008 4283 1146 4336 testatur.
1191 4271 1263 4340 Hoc
1277 4270 1448 4339 convencio
1462 4271 1544 4337 facta
1556 4270 1618 4338 fuit
1635 4270 1670 4335 in
1684 4271 1779 4338 domo
1792 4269 1866 4338 Ade

480 4375 582 4467 Longi
606 4376 657 4443 die
678 4375 786 4444 Sancti
801 4375 951 4444 Germani
976 4375 1114 4467 episcopi
1140 4400 1221 4444 anno
1243 4377 1334 4467 regni
1358 4376 1440 4466 regis
1459 4375 1592 4444 Hernici
1611 4376 1722 4462 quinto
1745 4376 1866 4444 decimo

1763 4504 1868 4550 coram
