4284 5412
1133 596 1152 665 8

451 799 483 852 et
497 797 637 850 extreme
652 780 808 847 voluntati
817 779 871 866 qui
881 803 912 844 se
924 776 990 842 illic
1005 775 1129 864 sepeliri
1139 772 1396 840 deliberaverint·
1409 773 1470 838 nisi
1484 772 1563 838 forte
1578 771 1847 838 excommunicati

451 892 503 958 vel
521 890 681 956 interdicti
701 889 764 954 sint
780 925 787 939 ·
803 900 857 952 aut
877 886 976 951 eciam
995 883 1121 972 publice
1142 883 1274 949 usurarii
1291 921 1297 934 ·
1313 882 1418 947 nullus
1441 880 1578 947 obsistat.
1625 878 1719 945 Salva
1742 893 1847 944 tamen

449 999 577 1085 justicia
591 996 715 1062 illarum
730 993 929 1060 ecclesiarum
945 992 1091 1079 aquibus
1115 1007 1309 1057 mortuorum
1327 1014 1456 1078 corpora
1474 999 1695 1055 assumuntur·
1712 986 1848 1052 decimes

455 1121 595 1194 preterea
617 1116 650 1169 et
664 1099 867 1191 possessiones
890 1099 993 1185 adjus
1016 1098 1215 1164 ecclesiarum
1230 1111 1402 1163 vestrarum
1426 1108 1622 1184 spectantes·
1640 1117 1701 1179 que
1725 1117 1743 1158 a
1761 1091 1849 1159 laicis

457 1210 637 1276 detinentur
660 1204 835 1272 redimendi
850 1218 882 1270 et
896 1203 1037 1291 legitime
1052 1203 1205 1269 liberandi
1223 1203 1262 1268 de
1286 1203 1430 1288 manibus
1452 1227 1560 1268 eorum
1576 1240 1583 1253 ·
1600 1215 1632 1267 et
1651 1201 1691 1266 ad
1706 1201 1850 1267 ecelesias

457 1317 496 1382 ad
512 1339 587 1402 quas
602 1312 760 1400 pertinent
774 1310 941 1376 revocandi
958 1348 964 1360 ·
980 1309 1079 1376 libera
1093 1311 1133 1374 sit
1148 1310 1237 1376 vobis
1249 1311 1287 1375 de
1303 1324 1407 1376 nostra
1422 1311 1605 1377 auctoritate
1619 1310 1759 1375 facultas.

521 1421 668 1486 Obeunte
683 1441 758 1483 vero
772 1432 804 1483 te
818 1441 903 1482 nunc
918 1416 1059 1501 ejusdem
1074 1417 1135 1482 loci
1152 1417 1261 1482 Priore
1275 1417 1327 1482 vel
1342 1431 1468 1482 tuorum
1484 1417 1627 1504 quolibet
1641 1439 1851 1481 successorum

456 1532 561 1598 nullus
572 1529 617 1594 ibi
629 1527 768 1614 qualibet
779 1523 984 1612 surrepcionis
996 1523 1112 1589 astucia
1123 1547 1178 1588 seu
1188 1522 1343 1589 violencia
1351 1537 1541 1611 preponatur
1552 1521 1628 1586 ·nisi
1641 1545 1735 1607 quem
1744 1520 1852 1586 fratres

458 1635 617 1702 communi
633 1657 784 1698 consensu
798 1631 850 1697 vel
865 1631 995 1697 fratrum
1014 1631 1114 1716 major
1128 1654 1198 1718 pars
1221 1630 1342 1696 consilii
1359 1630 1488 1696 sanioris
1505 1667 1511 1680 ·
1527 1630 1553 1694 si
1577 1629 1617 1695 ad
1632 1653 1684 1695 eos
1699 1629 1854 1694 duntaxat

458 1741 575 1808 Prior-is
589 1753 708 1827 spectat
722 1738 833 1804 electio
850 1775 856 1788 ·
873 1736 1044 1803 seeundum
1055 1736 1160 1802 Deum
1175 1748 1207 1802 et
1221 1735 1304 1802 beati
1314 1736 1488 1825 Augustini
1503 1734 1643 1824 regulam
1658 1734 1854 1824 providerint

458 1848 648 1938 eligendum.

523 1952 598 2019 Paci
614 1974 738 2038 quoque
757 1963 790 2016 et
805 1946 1023 2034 tranquillitati
1038 1962 1139 2014 vestre
1153 1963 1283 2036 patema
1297 1949 1329 2014 in
1345 1963 1503 2037 posterum
1523 1947 1733 2014 sollicitudine
1747 1947 1851 2035 provi-

458 2062 530 2126 dere
544 2059 684 2123 volentes
704 2054 887 2121 auctoritate
902 2052 1071 2140 apostoliea
1086 2052 1288 2140 prohibemus
1311 2067 1348 2117 ut
1369 2052 1451 2118 infra
1465 2052 1620 2118 clausuras
1634 2051 1773 2117 locorum
1797 2075 1853 2117 seu

457 2165 657 2255 grangiarum
673 2178 845 2228 vestrarum
860 2160 965 2224 nullus
979 2159 1121 2247 rapinam
1136 2183 1190 2224 seu
1201 2160 1322 2225 furtum
1331 2159 1432 2225 facere
1449 2197 1456 2210 ·
1472 2158 1579 2246 ignem
1594 2181 1770 2245 apponere·
1786 2183 1855 2223 san·

457 2269 586 2358 guinem
595 2267 725 2333 fundere
739 2265 918 2331 hominem
933 2276 1049 2330 temere
1064 2287 1174 2352 capere
1190 2262 1240 2328 vel
1255 2264 1429 2331 interficere
1446 2301 1454 2317 ·
1469 2288 1524 2330 seu
1538 2264 1725 2331 violenciam
1741 2267 1854 2332 audeat

458 2399 631 2444 excercere.

523 2483 668 2547 Preterea
687 2501 794 2543 omnes
808 2476 967 2542 libertates
986 2489 1018 2542 et
1032 2473 1245 2543 immunitates
1263 2501 1282 2543 a
1295 2477 1563 2565 predecessoribus
1577 2480 1689 2546 nostris
1704 2481 1853 2548 Romanis

458 2585 665 2653 Pontificibus
679 2581 808 2650 ecclesie
823 2597 924 2649 vestre
939 2607 1097 2649 concessas
1114 2622 1121 2634 ·
1137 2608 1260 2650 necnon
1274 2584 1432 2650 libertates
1446 2600 1479 2651 et
1493 2587 1714 2674 exempciones
1736 2590 1852 2656 secula·

457 2695 539 2758 rium
554 2692 755 2759 exactionum
770 2715 788 2756 a
801 2690 928 2779 regibus
943 2705 975 2756 et
985 2690 1179 2779 principibus
1196 2730 1203 2744 ·
1218 2692 1271 2758 vel
1282 2692 1350 2758 aliis
1361 2692 1506 2760 fidelibus
1521 2694 1751 2761 racionabiliter
1765 2697 1853 2763 vobis

457 2797 595 2863 indultas
610 2797 793 2862 auctoritate
808 2798 977 2885 apostolica
995 2798 1214 2864 confirmamus
1230 2838 1237 2851 ·
1254 2814 1286 2866 et
1299 2801 1451 2888 presentis
1465 2802 1572 2890 scripti
1587 2802 1754 2892 privilegio
1769 2827 1853 2870 com·

458 2903 626 2969 munimus.
650 2902 855 2968 Decemimus
870 2927 945 2991 ergo
961 2917 997 2968 ut
1011 2904 1091 2969 nulli
1107 2906 1235 2970 omnino
1246 2907 1411 2973 hominum
1422 2907 1515 2973 liceat
1526 2908 1678 2996 prefatam
1692 2910 1854 2976 ecclesiam

459 3024 575 3076 temere
590 3009 770 3096 perturbare
787 3046 793 3059 ·
809 3022 864 3073 aut
882 3009 949 3094 ejus
964 3010 1169 3098 possessiones
1193 3011 1312 3078 auferre
1329 3051 1335 3064 ·
1352 3013 1403 3078 vel
1419 3012 1535 3080 ablatas
1558 3015 1691 3080 retinere
1715 3015 1855 3082 minuere

460 3141 515 3182 seu
538 3113 731 3201 quibuslibet
753 3113 979 3180 vexacionibus
993 3115 1123 3204 fatigare
1140 3154 1146 3168 ·
1163 3116 1218 3182 sed
1233 3117 1338 3183 omnia
1357 3117 1479 3206 integra
1500 3134 1724 3186 conserventur
1746 3141 1855 3187 eorum

459 3248 516 3313 pro
528 3246 661 3309 quorum
675 3220 905 3310 gubemaoione
920 3245 956 3287 ac
970 3221 1198 3287 sustentacione
1212 3245 1357 3287 concessa
1371 3237 1444 3288 sunt
1458 3223 1565 3290 usibus
1580 3224 1768 3291 omnimodis
1782 3251 1854 3314 pro·

458 3331 581 3397 futura·
600 3328 693 3395 Salva
707 3326 788 3392 sedis
803 3326 971 3414 apostolice
986 3327 1168 3392 auctoritate
1184 3343 1216 3392 et
1227 3328 1383 3394 diocesani
1398 3329 1537 3419 episcopi
1551 3331 1700 3397 canonica
1710 3332 1855 3418 justicia·

461 3436 544 3503 acin
559 3433 707 3524 predictis
722 3431 852 3499 decimis
868 3433 1081 3499 moderatione
1095 3433 1221 3498 concilii
1236 3433 1397 3522 generalis.

527 3541 561 3608 si
576 3567 638 3628 qua
656 3541 753 3630 igitur
772 3540 962 3606 infuturum
982 3541 1189 3608 ecclesiastica
1208 3542 1393 3609 secularisve
1412 3567 1543 3631 persona
1557 3544 1639 3612 hano
1657 3559 1760 3613 nostre
1779 3571 1853 3614 ocn-

463 3648 637 3714 stitucionis
651 3647 799 3736 paginam
818 3646 918 3713 sciens
933 3660 1041 3711 eontra
1055 3670 1124 3712 eam
1137 3661 1253 3713 temere
1275 3647 1383 3712 venire
1403 3649 1604 3736 temptaverit
1620 3689 1626 3702 ·
1642 3653 1779 3719 secundo
1793 3667 1854 3720 ter·

462 3754 553 3821 ciove
568 3753 757 3819 commonita
775 3752 836 3818 nisi
852 3767 973 3818 reatum
992 3776 1084 3818 suum
1103 3777 1242 3841 congrua
1261 3752 1468 3820 satisfactione
1486 3756 1659 3822 eorrexerit
1674 3796 1680 3810 ·
1696 3759 1857 3846 potestatis

462 3859 588 3927 honoris
599 3861 692 3944 [que]
705 3857 753 3923 sui
768 3874 870 3924 careat
882 3856 1036 3945 dignitate
1053 3895 1059 3908 ·
1075 3881 1222 3942 reamque
1237 3879 1269 3922 se
1285 3855 1394 3921 divino
1405 3856 1528 3942 judicio
1542 3858 1676 3925 existere
1691 3860 1731 3926 de
1745 3885 1855 3950 perpe·

462 3981 543 4034 trata
556 3965 721 4052 iniquitate
736 3979 902 4054 cognoscat
918 4003 924 4016 ·
941 3979 973 4031 et
988 3989 1006 4030 a
1020 3964 1223 4031 saeratissimo
1239 3989 1367 4052 corpore
1386 3989 1421 4030 aa
1437 3965 1587 4054 sanguine
1602 3967 1664 4032 Dei
1678 3983 1711 4034 et
1726 3969 1857 4036 Domini

462 4072 666 4161 redemptoris
680 4071 776 4136 nostri
790 4072 889 4136 Jhesn
902 4072 1021 4137 Christi
1036 4072 1136 4138 aliena
1150 4072 1205 4137 fiat
1221 4111 1227 4124 ·
1241 4087 1335 4158 atque
1349 4072 1384 4136 in
1399 4085 1541 4138 extremo
1555 4073 1702 4139 examine
1717 4074 1855 4142 districte

462 4181 621 4267 subjaceat
644 4177 767 4244 ultioni.
812 4178 943 4244 Cunctis
969 4192 1074 4245 autem
1103 4178 1205 4244 eidem
1227 4178 1297 4244 loco
1326 4203 1383 4243 sua
1403 4177 1477 4264 jura
1504 4180 1700 4246 servantibus
1729 4181 1769 4246 sit
1790 4205 1855 4269 pax

464 4285 595 4354 Domini
609 4285 706 4350 nostri
717 4284 817 4350 Jhesn
832 4284 950 4351 Christi
967 4325 973 4337 ·
990 4286 1136 4372 quatinus
1150 4299 1183 4352 et
1196 4285 1249 4352 hio
1263 4285 1400 4352 fructum
1414 4286 1496 4352 bone
1512 4285 1642 4351 actionis
1656 4286 1831 4375 percipiant
1846 4327 1854 4340 ·

462 4407 494 4460 et
509 4389 593 4478 apud
608 4387 783 4455 districtum
793 4386 936 4474 judicem
950 4388 1070 4476 premia
1084 4402 1189 4456 eterne
1205 4389 1290 4479 pacis
1304 4388 1487 4457 inveniant·
1501 4390 1628 4456 Amen·
1643 4392 1760 4460 Amen.
1789 4393 1855 4460 Da·

1786 4514 1855 4568 tum
