4306 5414
1144 623 1209 694 128

485 821 549 859 sum
563 811 593 860 et
614 803 692 879 quod
705 801 830 861 habeant
844 803 946 861 turbas
967 804 1004 861 ad
1024 805 1120 882 ignem
1141 815 1172 865 et
1186 815 1334 883 pasturam
1348 805 1384 863 sd
1399 805 1534 862 animalia
1546 823 1599 863 sua
1611 813 1641 862 et
1649 802 1705 860 alia
1718 804 1875 862 necessaria

484 942 646 958 ........
661 901 702 958 sic
714 910 751 958 ut
764 900 813 959 alii
826 899 955 959 homines
974 901 1010 960 de
1023 903 1118 979 patria
1129 902 1245 960 habent
1286 903 1327 959 Et
1345 902 1424 978 quod
1437 911 1534 961 emant
1553 913 1584 961 et
1601 902 1728 961 vendant
1748 909 1779 959 et
1798 919 1874 959 mer·

378 1045 379 1048 ¹
486 997 647 1056 ohaudizias
666 1017 733 1056 suas
749 999 854 1056 faciant
868 1017 919 1074 per
930 1007 1021 1056 totam
1032 1007 1139 1056 terram
1152 1017 1244 1056 meem
1255 998 1353 1074 quiete
1366 1006 1396 1056 et
1411 997 1527 1074 pacifice
1545 1007 1575 1056 et
1585 998 1646 1056 sine
1659 996 1738 1056 omni
1754 995 1874 1074 impedi·

486 1106 591 1156 mento.
632 1096 681 1155 Ad
694 1096 747 1156 hec
762 1097 828 1154 volo
845 1095 924 1172 quod
941 1094 1071 1154 homines
1084 1095 1120 1154 de
1133 1101 1211 1154 terra
1224 1115 1286 1154 mes
1299 1096 1423 1172 operarii
1436 1096 1608 1154 conductitii
1621 1097 1681 1154 sint
1702 1096 1732 1152 in
1747 1095 1875 1155 Servicio

486 1237 646 1253 ........
668 1215 735 1253 oum
748 1193 910 1270 indiguerit
931 1195 1047 1272 quando
1059 1194 1091 1252 in
1105 1195 1224 1253 servitio
1243 1194 1360 1271 proprio
1381 1214 1439 1252 non
1456 1195 1568 1254 suerint
1582 1195 1698 1253 retenti.
1738 1195 1875 1254 Preteres

486 1294 610 1351 concessi
630 1293 708 1350 dicto
721 1291 880 1350 Willielmo
905 1289 940 1349 de
961 1291 1043 1350 Snell
1060 1291 1093 1350 in
1113 1303 1302 1368 augmentum
1320 1291 1397 1350 dicte
1418 1293 1534 1350 Vicarie
1553 1312 1606 1351 sue
1625 1293 1740 1351 intuitu
1757 1293 1874 1371 pietatis

486 1411 573 1449 unam
594 1390 729 1450 batellam
747 1390 930 1469 piscati-icem
942 1390 1064 1448 liberam
1077 1399 1107 1448 et
1120 1385 1248 1466 quietam
1261 1391 1293 1447 in
1313 1399 1489 1467 perpetuum
1506 1392 1542 1450 ab
1556 1392 1635 1450 omni
1657 1391 1872 1460 consuetudine,

485 1492 637 1550 exaccione
659 1499 689 1548 et
710 1487 849 1547 demanda
862 1488 898 1546 ad
911 1509 957 1548 me
970 1499 1000 1548 et
1013 1485 1130 1550 heredes
1146 1509 1223 1548 meos
1245 1491 1444 1566 spectantibus
1459 1492 1627 1567 ubicunque
1650 1490 1824 1568 applicuerit
1842 1492 1874 1548 in

485 1600 564 1648 terra
585 1608 647 1647 mea
668 1597 698 1646 et
715 1607 813 1646 omnes
831 1589 989 1665 piscatores
1008 1588 1044 1646 de
1058 1597 1136 1646 terra
1148 1607 1211 1647 mea
1232 1589 1285 1664 qni
1305 1587 1422 1647 eandem
1436 1589 1585 1648 battellam
1599 1589 1636 1647 ad
1647 1589 1816 1667 piscsndum
1830 1589 1874 1646 in-

485 1689 628 1746 traverint
646 1686 677 1744 in
697 1706 777 1746 mare
797 1685 858 1745 sive
879 1687 989 1744 fuerint
1008 1687 1130 1764 obligati
1148 1689 1209 1746 sive
1226 1708 1284 1746 non
1299 1689 1370 1748 dum
1384 1690 1519 1748 steterint
1538 1690 1569 1747 in
1589 1688 1709 1748 servicio
1730 1707 1784 1747 suo
1806 1708 1874 1746 cnm

486 1785 528 1868 ad)
543 1796 649 1846 terram
671 1785 811 1845 redierint
830 1787 974 1846 immunes
995 1789 1054 1846 sint
1074 1789 1111 1846 ab
1134 1790 1214 1847 omni
1233 1790 1384 1848 exaccione
1404 1799 1435 1848 et
1449 1788 1587 1848 demanda
1606 1789 1643 1846 ad
1656 1807 1701 1846 me
1714 1797 1744 1846 et
1756 1786 1875 1846 heredes

487 1877 563 1942 meos
584 1885 747 1961 pertinente
767 1903 819 1942 nec
840 1885 877 1942 ab
897 1884 1003 1942 eisdem
1023 1905 1074 1961 per
1097 1886 1293 1944 extorcionem
1315 1886 1426 1962 injuste
1446 1885 1557 1962 aliquid
1577 1885 1691 1962 exigam
1711 1884 1758 1943 vel
1784 1884 1874 1961 aliqui

485 2002 616 2042 meorum
628 1984 742 2041 nomine
754 2001 825 2041 meo.
865 1982 922 2041 Sed
937 1984 962 2041 si
974 1984 1100 2060 aliquam
1113 1985 1321 2064 emptocionem
1330 1985 1455 2062 piscium
1468 1986 1505 2043 ab
1518 1984 1624 2044 eisdem
1637 1984 1743 2043 habere
1755 1984 1874 2043 voluero

486 2080 522 2136 dc
536 2099 635 2137 eorum
660 2088 816 2156 spontanea
835 2079 987 2137 voluntate
1008 2090 1038 2138 et
1058 2099 1112 2158 pro
1130 2082 1225 2158 pretio
1242 2101 1301 2158 quo
1319 2082 1394 2140 aliua
1415 2082 1623 2159 emptaoionem
1643 2082 1749 2142 habere
1766 2085 1875 2161 poterit

487 2177 567 2235 illem
589 2177 724 2254 recipiam
746 2187 776 2238 et
790 2178 852 2236 sine
874 2179 953 2236 omni
974 2177 1141 2236 condicione
1163 2188 1192 2236 et
1211 2178 1352 2236 dilacione
1372 2178 1404 2236 in
1422 2180 1512 2237 Porta
1525 2179 1561 2238 de
1574 2179 1672 2238 valore
1693 2181 1874 2240 satisfaciam.

488 2279 626 2336 Ceterum
646 2279 774 2355 obligavi
793 2299 841 2337 me
863 2289 925 2336 tam
943 2277 974 2337 in
995 2279 1161 2356 recepoione
1182 2280 1355 2337 sacrementi
1380 2298 1468 2355 quam
1486 2280 1615 2356 presenti
1637 2279 1745 2356 scripto
1769 2288 1799 2336 et
1819 2279 1875 2336 sub

486 2398 560 2454 pena
574 2377 614 2434 xl
629 2375 788 2435 solidorum
799 2377 886 2434 tectis
904 2377 1100 2456 ¹sacrosanctis
1113 2397 1167 2453 pro
1180 2396 1227 2434 me
1240 2385 1270 2434 et
1283 2397 1337 2454 pro
1350 2376 1422 2434 meis
1436 2376 1514 2453 quod
1527 2395 1678 2452 nunquam
1691 2377 1723 2433 in
1736 2376 1798 2434 vita
1811 2395 1875 2434 mea

488 2479 519 2534 in
533 2477 663 2535 Prolatos
677 2495 755 2534 meos
767 2476 1035 2554 insurgamcontra
1044 2477 1196 2552 justiciam
1210 2495 1262 2533 nec
1275 2495 1379 2534 manus
1394 2475 1535 2534 violentas
1548 2475 1580 2532 in
1593 2475 1670 2552 ipsos
1684 2475 1731 2532 vel
1748 2475 1875 2552 aliquem

488 2575 524 2634 de
537 2575 598 2634 suis
613 2574 659 2634 vel
677 2575 709 2633 in
727 2575 855 2653 aliquem
869 2576 1015 2634 clericum
1033 2576 1091 2633 nisi
1111 2596 1157 2634 me
1170 2575 1348 2634 defendendo
1366 2574 1402 2633 de
1424 2584 1520 2633 cetero
1533 2616 1650 2634 ......
1664 2593 1717 2632 nec
1730 2574 1808 2651 ipsos
1827 2575 1874 2633 vel

488 2673 618 2731 homines
628 2691 695 2730 suos
708 2673 820 2748 injuste
830 2673 942 2729 vexabo
955 2673 1004 2730 vel
1023 2674 1098 2732 male
1111 2675 1244 2731 tractabo
1257 2683 1287 2732 et
1302 2674 1327 2732 si
1344 2674 1417 2750 quid
1430 2693 1476 2732 me
1489 2674 1583 2732 invito
1596 2673 1643 2732 vel
1656 2673 1810 2751 ignorante
1822 2695 1875 2752 per

488 2774 614 2850 aliquem
630 2771 667 2829 de
688 2771 759 2829 meis
777 2771 834 2848 ipsi
847 2771 894 2829 vel
911 2771 999 2829 alicui
1018 2772 1054 2830 de
1075 2773 1135 2831 suis
1148 2772 1240 2830 fuerit
1258 2771 1452 2830 forisfactum
1467 2773 1567 2830 statim
1580 2772 1741 2831 secundum
1753 2773 1875 2832 formam

488 2869 720 2928 Ecclesiasticam
746 2868 848 2927 faciam
876 2868 952 2927 illud
978 2871 1132 2930 emendari.
1180 2873 1221 2929 Et
1243 2871 1267 2929 si
1290 2871 1441 2948 contingat
1461 2890 1507 2928 me
1528 2890 1665 2948 processu
1686 2872 1824 2948 temporis
1843 2873 1876 2932 in

489 2970 587 3045 aliquo
606 2977 708 3026 contra
718 2986 836 3044 presens
858 2969 1001 3046 scriptum
1023 2968 1158 3027 devenire
1170 2969 1217 3028 vel
1231 2970 1267 3028 de
1285 2971 1305 3028 J
1306 2990 1361 3027 ure
1370 2969 1572 3028 Ecclesiastico
1585 2969 1683 3046 aliquo
1696 2971 1781 3028 modo
1793 2970 1876 3030 dero·

488 3085 558 3144 gare
585 3065 662 3124 infra
690 3065 762 3124 duos
783 3085 894 3124 menses
915 3075 1070 3144 postquam
1089 3066 1144 3125 hoc
1167 3068 1259 3125 fuerit
1278 3069 1436 3146 probatum
1459 3088 1534 3146 pena
1556 3071 1596 3128 xl
1617 3071 1776 3130 solidorum
1803 3074 1877 3132 mihi

489 3167 609 3224 comissa
621 3185 673 3242 per
691 3183 795 3222 manus
808 3165 920 3222 Prelati
933 3165 990 3223 mei
1003 3166 1065 3223 sine
1083 3166 1313 3225 contradicoione
1333 3167 1365 3225 in
1380 3187 1453 3226 usus
1476 3167 1558 3226 cedet
1571 3169 1760 3228 Infirmorum
1776 3172 1878 3231 Sancti

489 3265 632 3324 Johannis
650 3274 735 3323 extra
748 3263 861 3322 Novam
869 3265 989 3323 Portam
1001 3266 1114 3324 Dublin
1128 3286 1181 3324 nec
1195 3267 1304 3326 solucio
1313 3287 1387 3345 pene
1401 3268 1573 3326 ulteriorem
1589 3270 1683 3346 capiet
1696 3269 1877 3331 dilacionem.

491 3367 531 3423 Et
549 3365 580 3421 in
593 3364 683 3440 hujus
698 3364 740 3421 rei
753 3364 953 3422 testimonium
967 3385 1084 3443 presens
1104 3367 1247 3442 scriptum
1260 3367 1350 3443 sigilli
1369 3367 1427 3424 mei
1446 3367 1607 3426 munimine
1626 3368 1769 3428 roboravi.
1810 3371 1878 3428 Hiis

491 3465 646 3523 Testibus:
668 3463 792 3521 Domino
810 3465 843 3522 L.
857 3463 1085 3543 Archiepiscopo
1100 3467 1221 3524 Dublin.
1262 3467 1388 3525 Domino
1411 3468 1446 3526 G.
1460 3468 1497 3526 de
1515 3468 1643 3538 Turvile,
1663 3469 1878 3528 Archidiacono

492 3563 613 3621 Dubliu
666 3562 807 3639 Magistro
831 3563 878 3620 W.
903 3563 939 3621 de
967 3564 1090 3623 Turvile
1123 3574 1195 3624 tunc
1225 3565 1349 3624 Officiali
1376 3566 1495 3624 Domini
1521 3566 1727 3625 Archidiaooni
1755 3569 1878 3630 Dublin.

492 3664 617 3722 Domino
630 3663 726 3722 Alano
737 3674 809 3723 tuuc
819 3665 936 3724 Decano
949 3665 985 3724 de
995 3665 1135 3725 Swordes.
1150 3669 1191 3725 Et
1201 3668 1303 3726 multis
1313 3667 1406 3726 aliis.”

1058 3847 1137 3926 Pege
1149 3865 1197 3926 52,
1212 3847 1267 3908 liae
1280 3866 1307 3924 4.

551 4025 703 4087 Nieholuua
716 4028 750 4086 dc
763 4026 1064 4098 Houete.-Nicholas‚
1080 4027 1141 4085 said
1156 4037 1187 4085 to
1203 4027 1277 4085 have
1294 4027 1368 4084 been
1381 4024 1433 4084 the
1446 4025 1527 4084 sixth
1538 4026 1617 4085 Lord
1629 4027 1663 4085 of
1672 4025 1791 4086 Howth.
1831 4029 1880 4089 He

494 4147 584 4188 seems
596 4137 629 4186 to
642 4126 715 4184 have
731 4127 878 4204 possessed
895 4127 945 4185 the
963 4138 1043 4185 went
1059 4129 1093 4186 os
1102 4137 1214 4205 respect
1227 4129 1272 4186 sor
1285 4126 1337 4185 the
1354 4129 1454 4206 olergy
1466 4127 1562 4185 which
1575 4147 1633 4186 uss
1648 4129 1820 4188 manifested
1839 4131 1880 4209 by

492 4225 543 4286 the
561 4223 644 4283 third
657 4223 729 4292 lond,
752 4221 810 4280 and
823 4231 854 4280 to
872 4222 944 4280 have
962 4223 1117 4301 oppressed
1134 4223 1222 4293 them,
1241 4233 1294 4282 not
1307 4225 1348 4302 by
1360 4223 1446 4294 force,
1469 4224 1529 4283 like
1546 4224 1592 4282 his
1609 4219 1750 4296 aneestor,
1767 4227 1827 4286 but
1839 4229 1880 4308 by

492 4327 555 4384 law.
596 4323 627 4381 Il
637 4322 688 4382 the
709 4322 816 4380 former
837 4321 966 4380 chartcrs
978 4341 1055 4381 uere
1070 4321 1245 4380 valid-and
1258 4322 1342 4381 there
1360 4322 1428 4381 does
1448 4332 1501 4381 not
1521 4341 1626 4400 appear
1643 4342 1701 4402 any
1713 4315 1815 4383 reason
1835 4325 1881 4383 for

492 4423 677 4501 questioning
691 4421 892 4480 them-these
910 4421 991 4502 sorty
1004 4422 1103 4480 marks
1115 4441 1192 4481 were
1205 4421 1312 4502 clearly
1326 4421 1462 4482 extorted
1474 4421 1549 4480 from
1570 4421 1621 4482 the
1641 4423 1723 4501 prior
1740 4422 1799 4482 and
1812 4443 1880 4482 oon·

1797 4531 1875 4596 vent,
