4306 5414
966 646 1009 739 83

293 827 478 918 parochialis
500 839 592 913 atque
614 826 828 893 conventualis
843 824 996 892 Omnium
1013 825 1198 890 Sanctorum
1208 823 1304 910 juxta
1318 823 1440 889 Dublin
1458 823 1585 888 nomine
1601 822 1684 888 dicte

293 934 421 1004 ecclesie
436 946 555 1022 partem
570 932 716 998 actricem
731 956 773 998 ex
787 956 850 998 una
865 945 951 1020 parte
966 945 999 998 et
1012 932 1167 998 Jaccbum
1182 933 1294 998 Power
1307 931 1409 997 civem
1424 932 1547 998 Dublin
1562 933 1683 997 dudum

293 1052 508 1127 occupatorem
524 1037 606 1103 dicte
621 1051 748 1124 pastura
767 1049 886 1124 partem
907 1061 993 1102 ream
1008 1059 1050 1101 ex
1066 1036 1161 1103 altera
1174 1075 1180 1087 -
1193 1061 1297 1102 coram
1316 1038 1406 1103 nobis
1420 1037 1454 1102 in
1468 1039 1555 1104 curia
1568 1053 1682 1104 metro-

293 1145 421 1235 politica
435 1143 574 1232 predicta
588 1155 673 1207 mota
690 1142 767 1207 adeo
782 1139 986 1228 processimus
1006 1139 1092 1226 quod
1111 1140 1228 1205 vocatis
1243 1141 1391 1206 vocandis
1410 1155 1443 1207 et
1465 1143 1634 1208 observatis
1648 1142 1683 1206 in

293 1275 330 1316 ea
351 1262 438 1338 perte
453 1248 575 1334 dejure
591 1248 790 1314 observandis
810 1248 938 1313 demum
959 1247 1145 1314 sententiam
1168 1273 1225 1336 pro
1240 1261 1327 1336 parte
1342 1249 1498 1316 dictorum
1518 1250 1635 1316 Prioris
1651 1263 1683 1316 et

292 1368 465 1422 conventus
478 1353 608 1418 tulimus
627 1353 828 1418 diffinitivam
850 1352 966 1418 tenoris
988 1354 1204 1440 subsequentis
1227 1354 1398 1420 videlicet·
1414 1354 1453 1420 In
1473 1355 1535 1420 Dei
1555 1355 1682 1422 nomine

292 1459 397 1526 Arnen
414 1498 420 1511 ·
436 1459 567 1524 Auditis
588 1459 662 1524 visis
684 1472 716 1526 et
734 1460 857 1548 plenius
871 1461 1037 1527 intellectis
1058 1461 1177 1528 meritis
1199 1476 1232 1528 et
1252 1462 1495 1528 circumstanciis
1514 1487 1607 1534 cause,
1628 1487 1682 1530 seu

292 1591 452 1632 causarum
463 1564 661 1653 possessionis
676 1579 708 1632 et
714 1566 795 1652 juris
806 1567 1000 1655 percipiendi
1012 1568 1147 1633 decimas
1159 1582 1282 1656 pasture
1293 1583 1403 1635 vocate
1414 1569 1444 1635 le
1455 1569 1554 1657 Steyn
1568 1594 1683 1658 magna

286 1677 382 1761 juxta
397 1674 519 1740 Dublin
534 1698 570 1739 ac
585 1673 781 1761 spoliacionis
795 1674 936 1759 ejusdem
947 1673 1029 1740 inter
1039 1673 1165 1738 listrem
1176 1673 1375 1739 Willelmum
1388 1675 1530 1741 Stewnot
1541 1674 1682 1741 Priorem

291 1797 384 1869 atque
399 1797 590 1847 conventum
606 1781 717 1846 domus
731 1781 921 1867 ecclesieque
935 1780 1121 1870 parochialis
1136 1793 1168 1846 et
1187 1779 1402 1846 conventualis
1417 1779 1569 1845 Omnium
1587 1779 1682 1844 Sanc-

290 1901 394 1953 torum
401 1887 497 1973 juxta
508 1885 630 1952 Dublin
641 1885 766 1950 nomine
779 1885 862 1951 dicte
877 1885 1006 1951 ecclesie
1018 1897 1138 1972 partem
1153 1885 1299 1951 actricem
1313 1908 1356 1950 ex
1371 1908 1434 1950 uns
1444 1897 1532 1972 parte
1547 1899 1579 1950 et
1589 1885 1611 1950 J
1612 1908 1682 1950 aco·

289 1996 367 2060 burn
382 1993 494 2059 Power
516 1992 619 2059 civem
634 1993 756 2059 Dublin
772 1993 892 2059 dudum
915 2008 1134 2081 occupatorem
1156 1994 1238 2061 dicte
1253 2006 1377 2081 pasture
1399 2006 1520 2080 partem
1539 2017 1624 2058 ream
1639 2017 1681 2058 ex

289 2098 384 2164 altera
409 2136 416 2148 ·
440 2121 544 2164 coram
569 2097 659 2164 nobis
679 2098 824 2164 lohannc
846 2097 966 2186 Alleyn
989 2097 1116 2164 officiali
1139 2097 1304 2186 principali
1328 2097 1424 2163 Guric
1453 2097 1681 2184 metropolitice

290 2203 413 2269 Dublin
435 2217 519 2268 mote
534 2203 699 2291 pendentis
721 2204 771 2269 vel
787 2203 996 2291 pendencium
1019 2202 1202 2290 aliquandiu
1225 2203 1363 2269 indecise
1387 2219 1441 2268 aut
1463 2203 1680 2269 indecisarum.

291 2309 335 2374 Et
349 2309 423 2395 quia
437 2309 615 2374 invenimus
630 2333 686 2397 per
700 2323 792 2374 testes
806 2309 981 2398 fidedignos
996 2310 1110 2395 quibus
1124 2309 1224 2376 nichil
1238 2310 1423 2376 canonicum
1441 2321 1507 2374 erat
1523 2310 1682 2394 objectum

291 2417 412 2503 aliaque
427 2416 569 2504 legitima
583 2416 770 2482 documenta
791 2439 895 2480 coram
916 2415 1007 2482 nobis
1017 2415 1210 2502 judicialiter
1229 2415 1364 2480 deducta
1378 2414 1518 2481 animum
1540 2428 1681 2480 nostrum

286 2523 371 2608 juste
394 2522 558 2588 movcncia
571 2522 704 2610 prefatos
728 2523 863 2610 priorem
883 2535 915 2588 et
937 2534 1128 2588 conventum
1146 2520 1358 2588 intencionem
1381 2544 1468 2586 suam
1482 2520 1626 2587 fundasse
1650 2537 1682 2588 et

291 2632 434 2718 probasse
446 2668 454 2680 ·
466 2629 614 2695 videlicet
628 2629 714 2714 quod
727 2628 788 2715 ipsi
802 2641 835 2693 et
845 2627 1074 2716 predecessores
1089 2626 1137 2692 sui
1148 2651 1167 2692 a
1178 2639 1317 2714 tempore
1332 2641 1364 2692 et
1374 2650 1430 2714 per
1441 2639 1581 2714 tempora
1591 2627 1681 2713 cujus

290 2734 436 2801 contrarii
451 2733 601 2800 memoria
615 2733 779 2798 hominum
794 2756 858 2797 non
872 2731 982 2798 existit
995 2754 1068 2798 cum
1083 2755 1125 2796 ex
1140 2730 1311 2796 donacione
1327 2731 1504 2798 Theobaldi
1518 2731 1576 2796 filii
1591 2732 1680 2798 Wal-

290 2840 361 2906 terii
384 2841 532 2927 pincerne
557 2839 710 2906 Hibemie
734 2853 766 2905 et
788 2837 1027 2906 confirmacione
1051 2837 1219 2926 apostolica
1241 2838 1375 2926 desuper
1396 2838 1503 2906 habita
1525 2837 1627 2930 longis
1650 2855 1683 2907 et

292 2946 441 3014 laudabili
456 2970 514 3012 usu
529 2943 707 3034 prescriptis
721 2955 754 3010 et
768 2967 895 3012 consue-

844 3151 973 3234 [Getera
987 3152 1125 3236 desunt]
