4306 5414
1140 631 1186 723 98

465 831 520 874 seu
534 807 694 875 occasione
709 806 898 874 dimissionis
913 808 997 875 dicte
1011 809 1142 898 grangie
1156 808 1311 874 movendo
1326 805 1503 873 infuturum
1517 805 1592 872 binc
1612 805 1687 874 inde
1702 806 1865 872 dimittan-

466 928 518 979 tur
534 953 540 966 ·
557 913 651 980 salvis
665 913 725 980 sibi
740 914 920 980 accionibus
934 913 998 979 suis
1013 937 1055 978 ex
1069 925 1233 979 contractu
1246 912 1351 978 mutui
1364 911 1539 978 acomcdati
1554 925 1587 978 et
1603 911 1738 999 depositi
1756 923 1867 977 001111

466 1021 637 1110 singulares
655 1043 802 1109 personas
822 1018 933 1084 domus
953 1018 1093 1106 predicte
1110 1055 1117 1069 ·
1133 1031 1166 1083 et
1179 1016 1297 1105 profert
1311 1016 1460 1102 quasdam
1475 1016 1579 1082 literas
1597 1029 1739 1104 patentes
1751 1015 1864 1081 inden-

466 1143 544 1194 tatas
567 1127 650 1194 inter
664 1125 820 1215 predictos
835 1123 978 1190 Priorem
996 1137 1029 1190 et
1043 1122 1219 1188 Henricum
1233 1146 1295 1208 que
1314 1121 1388 1187 inde
1407 1121 1549 1189 confecte
1566 1123 1628 1190 hoc
1642 1135 1795 1188 1011111111
1811 1159 1818 1173 ·
1832 1135 1865 1186 et

467 1236 548 1325 petit
557 1235 716 1322 judicium
730 1233 756 1298 si
771 1236 931 1299 accionem
946 1244 978 1298 et
991 1245 1102 1298 cetera.

533 1343 577 1407 Et
590 1340 748 1430 predictus
757 1338 849 1403 Prior
863 1338 944 1404 bene
958 1335 1107 1425 cognovit
1121 1336 1276 1424 predictas
1290 1336 1395 1403 literas
1409 1359 1474 1402 esse
1487 1335 1605 1402 factum
1620 1358 1712 1400 sunm
1725 1347 1773 1401 set
1786 1333 1866 1401 dicit

468 1447 554 1532 quod
561 1445 651 1512 litere
662 1444 801 1533 predicte
813 1444 842 1510 ei
851 1467 963 1510 nocere
974 1468 1039 1510 non
1050 1444 1167 1511 debent
1177 1467 1236 1510 nec
1247 1465 1304 1532 per
1313 1467 1365 1510 eas
1376 1445 1416 1510 ab
1428 1444 1554 1511 accione
1563 1467 1619 1509 sua
1628 1441 1758 1510 excludi
1770 1479 1778 1494 ·
1790 1441 1865 1528 quia

468 1550 546 1617 dicit
569 1550 655 1636 quod
674 1548 833 1637 predictus
856 1548 1014 1614 Henricus
1035 1547 1069 1614 in
1092 1547 1203 1637 vigilia
1227 1547 1401 1614 nativitatis
1425 1549 1524 1614 sancti
1545 1547 1700 1614 «1011111111
1723 1547 1864 1636 Baptiste

468 1677 550 1719 anno
565 1653 647 1741 regis
665 1677 751 1718 nunc
770 1651 937 1719 undecimo
959 1652 1115 1719 relaxavit
1131 1666 1164 1719 ct
1181 1653 1413 1742 imperpetuum
1428 1654 1534 1741 quiete
1554 1654 1702 1722 clamavit
1715 1654 1817 1722 Priori
1832 1667 1864 1720 et

468 1757 636 1824 conventui
648 1756 777 1824 ecclesie
786 1755 939 1822 Omnium
953 1757 1138 1823 Sanctorum
1145 1756 1242 1842 juxta
1253 1755 1376 1821 Dubliu
1387 1781 1480 1824 omne
1490 1758 1544 1846 jus
1554 1772 1587 1824 01
1597 1759 1744 1826 0101111111
1758 1797 1765 1811 ·
1777 1759 1864 1848 quod

468 1863 581 1930 habuit
595 1863 646 1928 vel
663 1863 703 1929 de
717 1876 821 1930 cetero
835 1864 950 1932 babere
964 1865 1081 1954 poterit
1093 1865 1128 1928 111
1142 1863 1274 1953 grangia
1287 1865 1501 1953 predictorum
1515 1865 1632 1932 Prioris
1647 1880 1679 1932 01
1692 1881 1865 1934 conventus

469 1971 508 2036 de
524 1970 713 2059 Balydowill
727 1996 800 2038 cum
820 1972 966 2038 omnibus
982 1972 1179 2039 libertatibus
1198 1971 1406 2038 individenda
1422 2010 1429 2027 ·
1444 1987 1477 2040 ct
1490 1973 1565 2039 inde
1583 1973 1701 2063 profert
1716 1975 1864 2061 quasdam

467 2078 572 2145 literas
586 2092 727 2168 patentes
742 2081 801 2146 sub
815 2080 943 2146 nomine
957 2079 1092 2170 predicti
1107 2078 1240 2145 Henrici
1254 2103 1316 2166 que
1330 2080 1391 2146 hoc
1405 2093 1557 2146 testantur
1571 2097 1604 2147 et
1617 2080 1697 2170 petit
1706 2079 1865 2168 judicium

469 2199 501 2250 et
514 2197 617 2251 cetera
633 2222 640 2237 ·
656 2197 688 2251 01
702 2185 861 2273 predictus
875 2185 1034 2252 Henricus
1049 2209 1113 2250 non
1131 2183 1252 2250 dedicit
1268 2184 1423 2272 predictus
1437 2185 1543 2252 literas
1560 2209 1625 2252 esse
1639 2185 1758 2252 factum
1772 2209 1864 2252 suum

469 2303 516 2357 set
530 2291 608 2357 dicit
622 2291 710 2378 quod
722 2317 779 2380 per
793 2292 949 2382 predictas
968 2292 1072 2359 literas
1092 2315 1169 2378 quas
1188 2289 1320 2379 protulit
1333 2291 1387 2358 hic
1401 2292 1436 2356 in
1454 2291 1542 2358 curia
1561 2304 1594 2358 et
1615 2315 1692 2378 quas
1706 2293 1865 2382 predictus

469 2396 560 2462 Prior
572 2397 723 2486 cognovit
736 2421 801 2464 esse
815 2398 933 2466 factum
947 2421 1039 2466 suum
1052 2436 1059 2449 ·
1072 2397 1158 2465 accio
1169 2397 1304 2485 predicti
1316 2397 1433 2463 Pn'oris
1447 2399 1488 2464 de
1503 2398 1588 2466 dicto
1596 2397 1691 2466 blado
1702 2401 1742 2466 ab
1753 2399 1865 2466 eodem

469 2503 606 2590 petendo
629 2519 677 2569 011
699 2504 838 2570 totaliter
852 2505 994 2571 extincte
1007 2518 1040 2570 et
1054 2503 1135 2592 petit
1143 2503 1302 2590 judicium
1317 2503 1344 2568 si
1358 2527 1414 2592 per
1428 2501 1582 2592 predictas
1596 2503 1701 2570 literas
1714 2504 1748 2570 in
1761 2519 1865 2593 poste-

469 2633 539 2674 rum
556 2612 571 2693 [
801 2615 816 2698 ]
833 2610 913 2699 petit
928 2648 935 2663 ·
952 2625 984 2677 01
998 2610 1158 2699 predictus
1172 2611 1264 2676 Prior
1275 2610 1354 2678 dicit
1368 2611 1453 2697 quod
1467 2635 1510 2678 ex
1524 2636 1587 2699 quo
1600 2612 1760 2701 predictus
1775 2613 1864 2679 Hen-

469 2715 551 2782 ricus
565 2717 632 2799 re-[
868 2721 883 2804 ]
898 2717 1110 2806 predictarum
1125 2716 1286 2782 literarum
1300 2739 1356 2804 per
1370 2715 1474 2784 literas
1487 2741 1557 2784 suae
1571 2743 1648 2805 quas
1661 2718 1697 2784 in
1711 2720 1798 2786 curia
1811 2719 1865 2786 hic

470 2835 503 2888 01
516 2834 619 2888 cetera
632 2845 697 2888 non
710 2819 867 2908 dedixit[
1137 2823 1418 2911 ]petitjudicium
1433 2825 1459 2890 si
1474 2849 1530 2914 per
1542 2826 1668 2892 easdem
1682 2827 1723 2893 ab
1737 2825 1865 2894 accione

470 2953 527 2995 sua
540 2930 636 2996 debet
649 2930 779 2996 excludi
795 2934 810 3014 [
1135 2937 1150 3019 ]
1166 2956 1222 2998 suo
1236 2932 1311 2998 inde
1326 2931 1484 2998 audiendo
1498 2955 1602 2999 coram
1616 2947 1649 3000 01
1662 2944 1766 3000 cetera
1779 2957 1798 2999 a
1812 2931 1865 2999 die

473 3033 579 3102 Sancti
595 3034 761 3103 Michaelis
774 3037 810 3102 in
824 3061 878 3104 xv.
897 3040 963 3107 dies
979 3041 994 3124 [
1268 3045 1283 3126 ]
1301 3040 1386 3126 quod
1400 3041 1559 3130 predictus
1573 3041 1664 3107 Prior
1677 3042 1782 3129 posuit
1795 3041 1865 3109 loco

471 3167 526 3210 suo
537 3143 738 3224 erlelmum
753 3144 947 3236 Lamdegom
961 3163 994 3216 et
1008 3147 1182 3216 Robcrtum
1198 3147 1353 3214 Passilew.

1133 3409 1202 3483 XI.

777 3589 1050 3692 [11111111ᾙὶ1
1074 3619 1126 3691 19.
1153 3596 1249 3670 duta.
1268 3596 1321 3670 1111.
1339 3593 1492 3683 11111111
1517 3591 1587 3693 16.]

567 3775 650 3844 Ssisa
662 3778 752 3844 venit
764 3776 992 3866 recognicionia
1006 3777 1031 3842 si
1043 3777 1217 3844 Mauricius
1229 3777 1344 3844 Howel
1360 3815 1367 3829 ·
1383 3775 1536 3845 Howelus
1544 3777 1673 3845 Geraud
1685 3815 1693 3830 ·
1704 3780 1727 3845 J
1727 3777 1865 3845 ohannes

585 3884 669 3950 filius
679 3885 807 3953 Howeli
817 3885 959 3952 Gersurd
976 3923 983 3936 ·
994 3885 1093 3974 Hugo
1107 3885 1190 3952 filius
1200 3885 1327 3952 Howeli
1338 3885 1467 3952 Geraud
1474 3885 1672 3952 etHenricus
1677 3885 1806 3952 Geraud
1815 3886 1864 3952 in·

465 3987 552 4074 juste
565 4006 598 4058 et
614 3993 680 4060 sine
696 3994 819 4081 judicio
839 3993 1088 4060 disseissiverunt
1107 3994 1248 4062 Priorem
1266 3995 1377 4060 domus
1392 3994 1547 4060 Omnium
1568 3993 1753 4061 Sanctorum
1768 3995 1865 4081 juxta

470 4095 592 4164 Dubliu
604 4099 753 4166 delibero
764 4112 942 4166 tenemento
953 4121 1009 4164 suo
1020 4097 1055 4164 in
1067 4098 1167 4189 Balyo
1178 4152 1185 4165 .
1197 4151 1204 4166 .
1215 4152 1222 4166 .
1236 4152 1243 4165 .
1257 4099 1338 4183 [Oo:
1353 4100 1493 4188 Dublin]
1508 4112 1579 4189 post
1592 4123 1614 4189 p
1626 4151 1633 4166 .
1644 4148 1652 4167 .
1667 4153 1674 4166 .
1687 4152 1695 4167 .
1709 4115 1743 4168 et
1753 4116 1864 4170 cetera.

470 4201 516 4268 Et
529 4205 613 4272 unde
628 4205 770 4292 queritur
784 4205 869 4292 quod
883 4204 1133 4272 disseissivemnt
1146 4229 1220 4273 cum
1234 4207 1275 4272 de
1289 4230 1346 4272 1011
1360 4206 1528 4296 mesuagiis
1542 4219 1575 4273 01
1587 4207 1756 4275 medietate
1770 4209 1864 4275 unius

469 4323 613 4378 canicats
626 4325 708 4379 terre
722 4337 795 4379 cum
809 4311 1011 4402 pertinenciis
1025 4313 1060 4379 in
1076 4313 1186 4380 eadem
1200 4315 1277 4381 villa
1296 4329 1329 4382 et
1350 4329 1461 4382 cetera.
1505 4315 1551 4382 Et
1563 4315 1697 4406 predicti
1711 4316 1864 4385 Howelus

469 4413 493 4480 J
493 4415 630 4484 ohannes
653 4417 753 4507 Hugc
775 4429 808 4484 et
827 4414 985 4484 Henricus
1005 4416 1101 4483 modo
1120 4419 1254 4484 veniunt
1272 4432 1304 4486 et
1325 4419 1437 4487 dicunt
1456 4421 1541 4508 quod
1556 4422 1616 4511 ipai
1633 4422 1733 4491 nichil
1746 4425 1865 4493 habent

1804 4557 1863 4601 nec
