<?xml version="1.0" encoding="UTF-8"?>
<!DOCTYPE html PUBLIC "-//W3C//DTD XHTML 1.0 Transitional//EN"
    "http://www.w3.org/TR/xhtml1/DTD/xhtml1-transitional.dtd">
<html xmlns="http://www.w3.org/1999/xhtml" xml:lang="en" lang="en">
 <head>
  <title>
</title>
<meta http-equiv="Content-Type" content="text/html;charset=utf-8" />
  <meta name='ocr-system' content='tesseract 3.04.00' />
  <meta name='ocr-capabilities' content='ocr_page ocr_carea ocr_par ocr_line ocrx_word'/>
</head>
<body>
  <div class='ocr_page' id='page_1' title='image "./registrumpriora00librgoog_0095.png"; bbox 0 0 4284 5412; ppageno 0'>
   <div class='ocr_carea' id='block_1_1' title="bbox 1125 609 1166 658">
    <p class='ocr_par' dir='ltr' id='par_1_1' title="bbox 1125 609 1166 658">
     <span class='ocr_line' id='line_1_1' title="bbox 1125 609 1166 658; baseline 0 0"><span class='ocrx_word' id='word_1_1' title='bbox 1125 609 1166 658; x_wconf 87' lang='lat'><strong>12</strong></span> 
     </span>
    </p>
   </div>
   <div class='ocr_carea' id='block_1_2' title="bbox 448 763 1839 1369">
    <p class='ocr_par' dir='ltr' id='par_1_2' title="bbox 448 763 1839 1369">
     <span class='ocr_line' id='line_1_2' title="bbox 448 763 1837 856; baseline -0.01 -13"><span class='ocrx_word' id='word_1_2' title='bbox 448 774 647 843; x_wconf 74' lang='lat' dir='ltr'><strong>comedimus</strong></span> <span class='ocrx_word' id='word_1_3' title='bbox 666 786 699 838; x_wconf 88' lang='lat' dir='ltr'><strong>ct</strong></span> <span class='ocrx_word' id='word_1_4' title='bbox 721 771 939 838; x_wconf 87' lang='lat' dir='ltr'><strong>confirmamus</strong></span> <span class='ocrx_word' id='word_1_5' title='bbox 955 808 961 821; x_wconf 91' lang='lat'><em>·</em></span> <span class='ocrx_word' id='word_1_6' title='bbox 978 768 1059 834; x_wconf 88' lang='lat' dir='ltr'><strong>sicut</strong></span> <span class='ocrx_word' id='word_1_7' title='bbox 1076 783 1160 834; x_wconf 87' lang='lat' dir='ltr'><strong>carta</strong></span> <span class='ocrx_word' id='word_1_8' title='bbox 1174 767 1315 856; x_wconf 90' lang='lat' dir='ltr'><strong>predicta</strong></span> <span class='ocrx_word' id='word_1_9' title='bbox 1339 765 1569 833; x_wconf 74' lang='lat' dir='ltr'><strong>racionabiliter</strong></span> <span class='ocrx_word' id='word_1_10' title='bbox 1583 777 1721 832; x_wconf 87' lang='lat' dir='ltr'><strong>testatur.</strong></span> <span class='ocrx_word' id='word_1_11' title='bbox 1765 763 1837 829; x_wconf 89' lang='lat' dir='ltr'><strong>Hiis</strong></span> 
     </span>
     <span class='ocr_line' id='line_1_3' title="bbox 449 871 1836 965; baseline -0.009 -19"><span class='ocrx_word' id='word_1_12' title='bbox 449 881 579 947; x_wconf 90' lang='lat' dir='ltr'><strong>testibus</strong></span> <span class='ocrx_word' id='word_1_13' title='bbox 593 919 599 931; x_wconf 89' lang='lat'><strong>·</strong></span> <span class='ocrx_word' id='word_1_14' title='bbox 612 881 653 945; x_wconf 92' lang='lat' dir='ltr'><strong>D.</strong></span> <span class='ocrx_word' id='word_1_15' title='bbox 664 882 695 962; x_wconf 74' lang='lat' dir='ltr'><strong>[P</strong></span> <span class='ocrx_word' id='word_1_16' title='bbox 705 879 760 965; x_wconf 89' lang='lat' dir='ltr'><strong>R.]</strong></span> <span class='ocrx_word' id='word_1_17' title='bbox 774 877 914 942; x_wconf 88' lang='lat' dir='ltr'><strong>Bathon:</strong></span> <span class='ocrx_word' id='word_1_18' title='bbox 930 890 962 942; x_wconf 91' lang='lat' dir='ltr'><strong>et</strong></span> <span class='ocrx_word' id='word_1_19' title='bbox 973 875 1116 941; x_wconf 85' lang='lat' dir='ltr'><strong>Wellen:</strong></span> <span class='ocrx_word' id='word_1_20' title='bbox 1134 915 1140 926; x_wconf 93' lang='lat'>·</span> <span class='ocrx_word' id='word_1_21' title='bbox 1156 877 1198 940; x_wconf 79' lang='lat' dir='ltr'><strong>A.</strong></span> <span class='ocrx_word' id='word_1_22' title='bbox 1209 873 1438 941; x_wconf 90' lang='lat' dir='ltr'><strong>Duuuolmensi</strong></span> <span class='ocrx_word' id='word_1_23' title='bbox 1450 887 1482 940; x_wconf 92' lang='lat' dir='ltr'><strong>et</strong></span> <span class='ocrx_word' id='word_1_24' title='bbox 1495 873 1526 940; x_wconf 86' lang='lat' dir='ltr'><strong>J.</strong></span> <span class='ocrx_word' id='word_1_25' title='bbox 1537 873 1646 938; x_wconf 85' lang='lat' dir='ltr'><strong>Elian:</strong></span> <span class='ocrx_word' id='word_1_26' title='bbox 1661 871 1814 960; x_wconf 89' lang='lat' dir='ltr'><strong>episcopis</strong></span> <span class='ocrx_word' id='word_1_27' title='bbox 1831 910 1836 922; x_wconf 91' lang='lat'>·</span> 
     </span>
     <span class='ocr_line' id='line_1_4' title="bbox 450 975 1837 1068; baseline -0.008 -17"><span class='ocrx_word' id='word_1_28' title='bbox 450 985 613 1052; x_wconf 91' lang='lat' dir='ltr'><strong>Willelmo</strong></span> <span class='ocrx_word' id='word_1_29' title='bbox 628 985 667 1051; x_wconf 92' lang='lat' dir='ltr'><strong>de</strong></span> <span class='ocrx_word' id='word_1_30' title='bbox 682 983 835 1050; x_wconf 86' lang='lat' dir='ltr'><strong>Valencia</strong></span> <span class='ocrx_word' id='word_1_31' title='bbox 859 981 1013 1049; x_wconf 90' lang='lat' dir='ltr'><strong>avunculo</strong></span> <span class='ocrx_word' id='word_1_32' title='bbox 1035 994 1141 1046; x_wconf 90' lang='lat' dir='ltr'><strong>nostro</strong></span> <span class='ocrx_word' id='word_1_33' title='bbox 1157 1019 1164 1032; x_wconf 92' lang='lat'><strong>·</strong></span> <span class='ocrx_word' id='word_1_34' title='bbox 1181 981 1321 1048; x_wconf 89' lang='lat' dir='ltr'><strong>Heurico</strong></span> <span class='ocrx_word' id='word_1_35' title='bbox 1340 980 1379 1046; x_wconf 93' lang='lat' dir='ltr'><strong>de</strong></span> <span class='ocrx_word' id='word_1_36' title='bbox 1395 979 1497 1068; x_wconf 85' lang='lat' dir='ltr'><strong>Lascy</strong></span> <span class='ocrx_word' id='word_1_37' title='bbox 1516 979 1630 1046; x_wconf 78' lang='lat' dir='ltr'><strong>comite</strong></span> <span class='ocrx_word' id='word_1_38' title='bbox 1650 975 1813 1043; x_wconf 90' lang='lat' dir='ltr'><strong>Liucolnie</strong></span> <span class='ocrx_word' id='word_1_39' title='bbox 1831 1014 1837 1026; x_wconf 90' lang='lat'><strong>·</strong></span> 
     </span>
     <span class='ocr_line' id='line_1_5' title="bbox 452 1087 1838 1180; baseline -0.01 -20"><span class='ocrx_word' id='word_1_40' title='bbox 452 1093 590 1160; x_wconf 89' lang='lat' dir='ltr'><strong>Roberto</strong></span> <span class='ocrx_word' id='word_1_41' title='bbox 605 1092 644 1158; x_wconf 92' lang='lat' dir='ltr'><strong>de</strong></span> <span class='ocrx_word' id='word_1_42' title='bbox 660 1092 801 1180; x_wconf 86' lang='lat' dir='ltr'><strong>Tybotot</strong></span> <span class='ocrx_word' id='word_1_43' title='bbox 813 1128 820 1141; x_wconf 94' lang='lat'><strong>·</strong></span> <span class='ocrx_word' id='word_1_44' title='bbox 831 1089 976 1156; x_wconf 80' lang='lat' dir='ltr'><strong>Iohanne</strong></span> <span class='ocrx_word' id='word_1_45' title='bbox 988 1089 1027 1154; x_wconf 92' lang='lat' dir='ltr'><strong>de</strong></span> <span class='ocrx_word' id='word_1_46' title='bbox 1046 1101 1152 1155; x_wconf 91' lang='lat' dir='ltr'><strong>sancto</strong></span> <span class='ocrx_word' id='word_1_47' title='bbox 1163 1089 1309 1154; x_wconf 82' lang='lat' dir='ltr'><strong>Iohanne</strong></span> <span class='ocrx_word' id='word_1_48' title='bbox 1324 1101 1356 1153; x_wconf 89' lang='lat' dir='ltr'><strong>et</strong></span> <span class='ocrx_word' id='word_1_49' title='bbox 1376 1087 1453 1154; x_wconf 88' lang='lat' dir='ltr'><strong>aliis.</strong></span> <span class='ocrx_word' id='word_1_50' title='bbox 1499 1087 1617 1152; x_wconf 89' lang='lat' dir='ltr'><strong>Datum</strong></span> <span class='ocrx_word' id='word_1_51' title='bbox 1637 1108 1693 1174; x_wconf 92' lang='lat' dir='ltr'><strong>per</strong></span> <span class='ocrx_word' id='word_1_52' title='bbox 1711 1105 1838 1148; x_wconf 89' lang='lat' dir='ltr'><strong>manum</strong></span> 
     </span>
     <span class='ocr_line' id='line_1_6' title="bbox 453 1186 1839 1285; baseline -0.008 -23"><span class='ocrx_word' id='word_1_53' title='bbox 453 1211 588 1263; x_wconf 87' lang='lat' dir='ltr'><strong>nostram</strong></span> <span class='ocrx_word' id='word_1_54' title='bbox 611 1197 695 1285; x_wconf 88' lang='lat' dir='ltr'><strong>apud</strong></span> <span class='ocrx_word' id='word_1_55' title='bbox 708 1195 1020 1262; x_wconf 71' lang='lat' dir='ltr'><strong>westmonasterium</strong></span> <span class='ocrx_word' id='word_1_56' title='bbox 1036 1196 1269 1282; x_wconf 87' lang='lat' dir='ltr'><strong>quartodecimo</strong></span> <span class='ocrx_word' id='word_1_57' title='bbox 1283 1194 1335 1260; x_wconf 90' lang='lat' dir='ltr'><strong>die</strong></span> <span class='ocrx_word' id='word_1_58' title='bbox 1351 1193 1514 1260; x_wconf 81' lang='lat' dir='ltr'><strong>Februarii</strong></span> <span class='ocrx_word' id='word_1_59' title='bbox 1530 1215 1612 1258; x_wconf 87' lang='lat' dir='ltr'><strong>anno</strong></span> <span class='ocrx_word' id='word_1_60' title='bbox 1635 1189 1723 1280; x_wconf 89' lang='lat' dir='ltr'><strong>regni</strong></span> <span class='ocrx_word' id='word_1_61' title='bbox 1742 1186 1839 1254; x_wconf 81' lang='lat' dir='ltr'><strong>nostri</strong></span> 
     </span>
     <span class='ocr_line' id='line_1_7' title="bbox 454 1303 709 1369; baseline -0.012 0"><span class='ocrx_word' id='word_1_62' title='bbox 454 1303 576 1369; x_wconf 90' lang='lat' dir='ltr'><strong>decimo</strong></span> <span class='ocrx_word' id='word_1_63' title='bbox 590 1316 709 1367; x_wconf 88' lang='lat' dir='ltr'><strong>octavo.</strong></span> 
     </span>
    </p>
   </div>
   <div class='ocr_carea' id='block_1_3' title="bbox 1093 1547 1200 1622">
    <p class='ocr_par' dir='ltr' id='par_1_3' title="bbox 1093 1547 1200 1622">
     <span class='ocr_line' id='line_1_8' title="bbox 1093 1547 1200 1622; baseline -0.037 0"><span class='ocrx_word' id='word_1_64' title='bbox 1093 1547 1200 1622; x_wconf 92' lang='lat' dir='ltr'>VIII.</span> 
     </span>
    </p>
   </div>
   <div class='ocr_carea' id='block_1_4' title="bbox 927 1731 1359 1808">
    <p class='ocr_par' dir='ltr' id='par_1_4' title="bbox 927 1731 1359 1808">
     <span class='ocr_line' id='line_1_9' title="bbox 927 1731 1359 1808; baseline -0.009 0"><span class='ocrx_word' id='word_1_65' title='bbox 927 1733 1144 1808; x_wconf 58' lang='lat' dir='ltr'><strong>destruatis</strong></span> <span class='ocrx_word' id='word_1_66' title='bbox 1163 1731 1294 1807; x_wconf 76' lang='lat' dir='ltr'><strong>altitius</strong></span> <span class='ocrx_word' id='word_1_67' title='bbox 1312 1731 1359 1806; x_wconf 85' lang='lat' dir='ltr'><strong>c.</strong></span> 
     </span>
    </p>
   </div>
   <div class='ocr_carea' id='block_1_5' title="bbox 456 1918 1851 4452">
    <p class='ocr_par' dir='ltr' id='par_1_5' title="bbox 456 1918 1845 2440">
     <span class='ocr_line' id='line_1_10' title="bbox 542 1918 1842 2011; baseline -0.005 -20"><span class='ocrx_word' id='word_1_68' title='bbox 542 1923 695 1991; x_wconf 90' lang='lat' dir='ltr'><strong>vaardus</strong></span> <span class='ocrx_word' id='word_1_69' title='bbox 710 1922 771 1988; x_wconf 91' lang='lat' dir='ltr'><strong>Dei</strong></span> <span class='ocrx_word' id='word_1_70' title='bbox 786 1922 891 2011; x_wconf 83' lang='lat' dir='ltr'><strong>gracia</strong></span> <span class='ocrx_word' id='word_1_71' title='bbox 905 1921 977 1987; x_wconf 88' lang='lat' dir='ltr'><strong>Rex</strong></span> <span class='ocrx_word' id='word_1_72' title='bbox 985 1919 1103 2010; x_wconf 87' lang='lat' dir='ltr'><strong>Anglie</strong></span> <span class='ocrx_word' id='word_1_73' title='bbox 1118 1933 1150 1985; x_wconf 89' lang='lat' dir='ltr'><strong>et</strong></span> <span class='ocrx_word' id='word_1_74' title='bbox 1164 1919 1296 1986; x_wconf 83' lang='lat' dir='ltr'><strong>Francia</strong></span> <span class='ocrx_word' id='word_1_75' title='bbox 1310 1933 1343 1986; x_wconf 89' lang='lat' dir='ltr'><strong>et</strong></span> <span class='ocrx_word' id='word_1_76' title='bbox 1356 1919 1501 1984; x_wconf 90' lang='lat' dir='ltr'><strong>dominus</strong></span> <span class='ocrx_word' id='word_1_77' title='bbox 1516 1918 1670 1985; x_wconf 86' lang='lat' dir='ltr'><strong>Hibernia</strong></span> <span class='ocrx_word' id='word_1_78' title='bbox 1687 1958 1693 1970; x_wconf 93' lang='lat'>·</span> <span class='ocrx_word' id='word_1_79' title='bbox 1709 1919 1842 1985; x_wconf 83' lang='lat' dir='ltr'><strong>Archis-</strong></span> 
     </span>
     <span class='ocr_line' id='line_1_11' title="bbox 566 2025 1843 2120; baseline -0.005 -24"><span class='ocrx_word' id='word_1_80' title='bbox 566 2030 699 2120; x_wconf 89' lang='lat' dir='ltr'><strong>piscopis</strong></span> <span class='ocrx_word' id='word_1_81' title='bbox 727 2029 880 2117; x_wconf 88' lang='lat' dir='ltr'><strong>episcopis</strong></span> <span class='ocrx_word' id='word_1_82' title='bbox 908 2027 1072 2094; x_wconf 86' lang='lat' dir='ltr'><strong>abbatibus</strong></span> <span class='ocrx_word' id='word_1_83' title='bbox 1100 2025 1255 2115; x_wconf 81' lang='lat' dir='ltr'><strong>prioribus</strong></span> <span class='ocrx_word' id='word_1_84' title='bbox 1280 2026 1446 2092; x_wconf 87' lang='lat' dir='ltr'><strong>comitibus</strong></span> <span class='ocrx_word' id='word_1_85' title='bbox 1474 2025 1642 2092; x_wconf 87' lang='lat' dir='ltr'><strong>baronibus</strong></span> <span class='ocrx_word' id='word_1_86' title='bbox 1663 2025 1843 2112; x_wconf 84' lang='lat' dir='ltr'><strong>justiciariis</strong></span> 
     </span>
     <span class='ocr_line' id='line_1_12' title="bbox 456 2133 1842 2225; baseline -0.006 -20"><span class='ocrx_word' id='word_1_87' title='bbox 456 2137 693 2205; x_wconf 87' lang='lat' dir='ltr'><strong>vicecomitibus</strong></span> <span class='ocrx_word' id='word_1_88' title='bbox 712 2136 875 2225; x_wconf 89' lang='lat' dir='ltr'><strong>prepositis</strong></span> <span class='ocrx_word' id='word_1_89' title='bbox 889 2135 1038 2200; x_wconf 87' lang='lat' dir='ltr'><strong>ministris</strong></span> <span class='ocrx_word' id='word_1_90' title='bbox 1057 2147 1090 2202; x_wconf 90' lang='lat' dir='ltr'><strong>et</strong></span> <span class='ocrx_word' id='word_1_91' title='bbox 1108 2135 1252 2200; x_wconf 89' lang='lat' dir='ltr'><strong>omnibus</strong></span> <span class='ocrx_word' id='word_1_92' title='bbox 1266 2133 1390 2201; x_wconf 86' lang='lat' dir='ltr'><strong>ballivis</strong></span> <span class='ocrx_word' id='word_1_93' title='bbox 1404 2147 1437 2200; x_wconf 91' lang='lat' dir='ltr'><strong>et</strong></span> <span class='ocrx_word' id='word_1_94' title='bbox 1450 2134 1595 2201; x_wconf 88' lang='lat' dir='ltr'><strong>fidelibus</strong></span> <span class='ocrx_word' id='word_1_95' title='bbox 1617 2134 1680 2199; x_wconf 90' lang='lat' dir='ltr'><strong>suis</strong></span> <span class='ocrx_word' id='word_1_96' title='bbox 1703 2134 1842 2200; x_wconf 86' lang='lat' dir='ltr'><strong>salutem.</strong></span> 
     </span>
     <span class='ocr_line' id='line_1_13' title="bbox 458 2238 1845 2331; baseline -0.006 -20"><span class='ocrx_word' id='word_1_97' title='bbox 458 2246 589 2312; x_wconf 82' lang='lat' dir='ltr'><strong>Constat</strong></span> <span class='ocrx_word' id='word_1_98' title='bbox 599 2243 688 2309; x_wconf 91' lang='lat' dir='ltr'><strong>nobis</strong></span> <span class='ocrx_word' id='word_1_99' title='bbox 703 2266 758 2331; x_wconf 89' lang='lat' dir='ltr'><strong>per</strong></span> <span class='ocrx_word' id='word_1_100' title='bbox 770 2241 996 2330; x_wconf 84' lang='lat' dir='ltr'><strong>inspectionem</strong></span> <span class='ocrx_word' id='word_1_101' title='bbox 1009 2241 1182 2307; x_wconf 90' lang='lat' dir='ltr'><strong>rotulorum</strong></span> <span class='ocrx_word' id='word_1_102' title='bbox 1196 2240 1379 2308; x_wconf 89' lang='lat' dir='ltr'><strong>cancellarie</strong></span> <span class='ocrx_word' id='word_1_103' title='bbox 1391 2241 1509 2306; x_wconf 90' lang='lat' dir='ltr'><strong>domini</strong></span> <span class='ocrx_word' id='word_1_104' title='bbox 1522 2241 1561 2305; x_wconf 85' lang='grc' dir='ltr'><strong>Ε.</strong></span> <span class='ocrx_word' id='word_1_105' title='bbox 1577 2241 1734 2327; x_wconf 92' lang='lat' dir='ltr'><strong>quondam</strong></span> <span class='ocrx_word' id='word_1_106' title='bbox 1744 2238 1845 2328; x_wconf 76' lang='lat' dir='ltr'><strong>&#39;Regis</strong></span> 
     </span>
     <span class='ocr_line' id='line_1_14' title="bbox 457 2347 1843 2440; baseline -0.007 -22"><span class='ocrx_word' id='word_1_107' title='bbox 457 2351 577 2440; x_wconf 89' lang='lat' dir='ltr'><strong>Anglie</strong></span> <span class='ocrx_word' id='word_1_108' title='bbox 596 2350 647 2417; x_wconf 89' lang='lat' dir='ltr'><strong>avi</strong></span> <span class='ocrx_word' id='word_1_109' title='bbox 666 2350 763 2415; x_wconf 89' lang='lat' dir='ltr'><strong>nostri</strong></span> <span class='ocrx_word' id='word_1_110' title='bbox 779 2388 785 2400; x_wconf 93' lang='lat'>·</span> <span class='ocrx_word' id='word_1_111' title='bbox 802 2348 887 2437; x_wconf 92' lang='lat' dir='ltr'><strong>quod</strong></span> <span class='ocrx_word' id='word_1_112' title='bbox 901 2348 985 2414; x_wconf 88' lang='lat' dir='ltr'><strong>idem</strong></span> <span class='ocrx_word' id='word_1_113' title='bbox 1000 2372 1076 2414; x_wconf 90' lang='lat' dir='ltr'><strong>avus</strong></span> <span class='ocrx_word' id='word_1_114' title='bbox 1094 2362 1199 2414; x_wconf 89' lang='lat' dir='ltr'><strong>noster</strong></span> <span class='ocrx_word' id='word_1_115' title='bbox 1217 2362 1332 2414; x_wconf 81' lang='lat' dir='ltr'><strong>cartam</strong></span> <span class='ocrx_word' id='word_1_116' title='bbox 1348 2371 1435 2414; x_wconf 87' lang='lat' dir='ltr'><strong>suam</strong></span> <span class='ocrx_word' id='word_1_117' title='bbox 1449 2347 1517 2412; x_wconf 90' lang='lat' dir='ltr'><strong>fieri</strong></span> <span class='ocrx_word' id='word_1_118' title='bbox 1532 2347 1607 2413; x_wconf 87' lang='lat' dir='ltr'><strong>fecit</strong></span> <span class='ocrx_word' id='word_1_119' title='bbox 1619 2347 1654 2411; x_wconf 91' lang='lat' dir='ltr'><strong>in</strong></span> <span class='ocrx_word' id='word_1_120' title='bbox 1667 2347 1726 2412; x_wconf 91' lang='lat' dir='ltr'><strong>hec</strong></span> <span class='ocrx_word' id='word_1_121' title='bbox 1741 2347 1843 2412; x_wconf 88' lang='lat' dir='ltr'><strong>verba.</strong></span> 
     </span>
    </p>

    <p class='ocr_par' dir='ltr' id='par_1_6' title="bbox 459 2452 1847 3070">
     <span class='ocr_line' id='line_1_15' title="bbox 523 2452 1842 2544; baseline -0.005 -22"><span class='ocrx_word' id='word_1_122' title='bbox 523 2455 697 2522; x_wconf 76' lang='lat' dir='ltr'><strong>Edwardus</strong></span> <span class='ocrx_word' id='word_1_123' title='bbox 712 2454 774 2520; x_wconf 92' lang='lat' dir='ltr'><strong>Dei</strong></span> <span class='ocrx_word' id='word_1_124' title='bbox 797 2454 902 2544; x_wconf 89' lang='lat' dir='ltr'><strong>gracia</strong></span> <span class='ocrx_word' id='word_1_125' title='bbox 916 2455 989 2519; x_wconf 88' lang='lat' dir='ltr'><strong>Rex</strong></span> <span class='ocrx_word' id='word_1_126' title='bbox 1007 2453 1126 2543; x_wconf 90' lang='lat' dir='ltr'><strong>Anglie</strong></span> <span class='ocrx_word' id='word_1_127' title='bbox 1149 2453 1294 2520; x_wconf 90' lang='lat' dir='ltr'><strong>dominus</strong></span> <span class='ocrx_word' id='word_1_128' title='bbox 1314 2453 1468 2519; x_wconf 89' lang='lat' dir='ltr'><strong>Hibemie</strong></span> <span class='ocrx_word' id='word_1_129' title='bbox 1491 2468 1523 2518; x_wconf 90' lang='lat' dir='ltr'><strong>et</strong></span> <span class='ocrx_word' id='word_1_130' title='bbox 1543 2453 1612 2518; x_wconf 83' lang='lat' dir='ltr'><strong>dux</strong></span> <span class='ocrx_word' id='word_1_131' title='bbox 1625 2452 1819 2537; x_wconf 85' lang='lat' dir='ltr'><strong>Aquitannie</strong></span> <span class='ocrx_word' id='word_1_132' title='bbox 1836 2489 1842 2501; x_wconf 94' lang='lat'>·</span> 
     </span>
     <span class='ocr_line' id='line_1_16' title="bbox 459 2557 1845 2651; baseline -0.006 -20"><span class='ocrx_word' id='word_1_133' title='bbox 459 2561 712 2651; x_wconf 85' lang='lat' dir='ltr'><strong>Archiepiscopis</strong></span> <span class='ocrx_word' id='word_1_134' title='bbox 739 2559 892 2649; x_wconf 89' lang='lat' dir='ltr'><strong>episcopis</strong></span> <span class='ocrx_word' id='word_1_135' title='bbox 921 2559 1084 2626; x_wconf 88' lang='lat' dir='ltr'><strong>abbatibus</strong></span> <span class='ocrx_word' id='word_1_136' title='bbox 1109 2559 1264 2648; x_wconf 89' lang='lat' dir='ltr'><strong>prioribus</strong></span> <span class='ocrx_word' id='word_1_137' title='bbox 1289 2559 1454 2625; x_wconf 89' lang='lat' dir='ltr'><strong>comitibus</strong></span> <span class='ocrx_word' id='word_1_138' title='bbox 1476 2558 1644 2624; x_wconf 88' lang='lat' dir='ltr'><strong>baronibus</strong></span> <span class='ocrx_word' id='word_1_139' title='bbox 1665 2557 1845 2644; x_wconf 86' lang='lat' dir='ltr'><strong>justiciariis</strong></span> 
     </span>
     <span class='ocr_line' id='line_1_17' title="bbox 460 2664 1844 2754; baseline -0.007 -19"><span class='ocrx_word' id='word_1_140' title='bbox 460 2667 694 2738; x_wconf 78' lang='lat' dir='ltr'><strong>vicecomitibus</strong></span> <span class='ocrx_word' id='word_1_141' title='bbox 709 2665 872 2754; x_wconf 88' lang='lat' dir='ltr'><strong>prepositis</strong></span> <span class='ocrx_word' id='word_1_142' title='bbox 894 2665 1043 2730; x_wconf 87' lang='lat' dir='ltr'><strong>ministris</strong></span> <span class='ocrx_word' id='word_1_143' title='bbox 1062 2679 1095 2731; x_wconf 90' lang='lat' dir='ltr'><strong>et</strong></span> <span class='ocrx_word' id='word_1_144' title='bbox 1113 2665 1258 2731; x_wconf 92' lang='lat' dir='ltr'><strong>omnibus</strong></span> <span class='ocrx_word' id='word_1_145' title='bbox 1272 2665 1395 2731; x_wconf 87' lang='lat' dir='ltr'><strong>ballivis</strong></span> <span class='ocrx_word' id='word_1_146' title='bbox 1415 2679 1447 2730; x_wconf 90' lang='lat' dir='ltr'><strong>et</strong></span> <span class='ocrx_word' id='word_1_147' title='bbox 1460 2664 1604 2731; x_wconf 89' lang='lat' dir='ltr'><strong>fidelibus</strong></span> <span class='ocrx_word' id='word_1_148' title='bbox 1623 2664 1686 2730; x_wconf 88' lang='lat' dir='ltr'><strong>suis</strong></span> <span class='ocrx_word' id='word_1_149' title='bbox 1705 2664 1844 2730; x_wconf 84' lang='lat' dir='ltr'><strong>salutem.</strong></span> 
     </span>
     <span class='ocr_line' id='line_1_18' title="bbox 460 2768 1847 2864; baseline -0.006 -22"><span class='ocrx_word' id='word_1_150' title='bbox 460 2774 660 2864; x_wconf 88' lang='lat' dir='ltr'><strong>Inspeximus</strong></span> <span class='ocrx_word' id='word_1_151' title='bbox 685 2785 800 2838; x_wconf 65' lang='lat' dir='ltr'><strong>aarum</strong></span> <span class='ocrx_word' id='word_1_152' title='bbox 826 2795 921 2857; x_wconf 90' lang='lat' dir='ltr'><strong>quam</strong></span> <span class='ocrx_word' id='word_1_153' title='bbox 944 2770 1088 2836; x_wconf 90' lang='lat' dir='ltr'><strong>domiuus</strong></span> <span class='ocrx_word' id='word_1_154' title='bbox 1112 2770 1268 2836; x_wconf 89' lang='lat' dir='ltr'><strong>Henricus</strong></span> <span class='ocrx_word' id='word_1_155' title='bbox 1294 2770 1451 2856; x_wconf 89' lang='lat' dir='ltr'><strong>quondam</strong></span> <span class='ocrx_word' id='word_1_156' title='bbox 1475 2769 1547 2835; x_wconf 87' lang='lat' dir='ltr'><strong>Rex</strong></span> <span class='ocrx_word' id='word_1_157' title='bbox 1569 2768 1688 2858; x_wconf 88' lang='lat' dir='ltr'><strong>Anglie</strong></span> <span class='ocrx_word' id='word_1_158' title='bbox 1713 2793 1847 2859; x_wconf 90' lang='lat' dir='ltr'><strong>proavus</strong></span> 
     </span>
     <span class='ocr_line' id='line_1_19' title="bbox 460 2876 1846 2968; baseline -0.004 -20"><span class='ocrx_word' id='word_1_159' title='bbox 460 2896 564 2968; x_wconf 88' lang='lat' dir='ltr'><strong>noster</strong></span> <span class='ocrx_word' id='word_1_160' title='bbox 577 2879 652 2946; x_wconf 81' lang='lat' dir='ltr'><strong>fecit</strong></span> <span class='ocrx_word' id='word_1_161' title='bbox 669 2877 796 2945; x_wconf 90' lang='lat' dir='ltr'><strong>ecclesie</strong></span> <span class='ocrx_word' id='word_1_162' title='bbox 812 2877 964 2943; x_wconf 89' lang='lat' dir='ltr'><strong>Omnium</strong></span> <span class='ocrx_word' id='word_1_163' title='bbox 980 2876 1165 2945; x_wconf 86' lang='lat' dir='ltr'><strong>Sanctorum</strong></span> <span class='ocrx_word' id='word_1_164' title='bbox 1183 2879 1217 2943; x_wconf 90' lang='lat' dir='ltr'><strong>in</strong></span> <span class='ocrx_word' id='word_1_165' title='bbox 1236 2878 1378 2945; x_wconf 86' lang='lat' dir='ltr'><strong>orientali</strong></span> <span class='ocrx_word' id='word_1_166' title='bbox 1397 2891 1484 2966; x_wconf 87' lang='lat' dir='ltr'><strong>parte</strong></span> <span class='ocrx_word' id='word_1_167' title='bbox 1499 2877 1621 2944; x_wconf 90' lang='lat' dir='ltr'><strong>Dublin</strong></span> <span class='ocrx_word' id='word_1_168' title='bbox 1640 2889 1672 2945; x_wconf 89' lang='lat' dir='ltr'><strong>et</strong></span> <span class='ocrx_word' id='word_1_169' title='bbox 1691 2877 1846 2944; x_wconf 90' lang='lat' dir='ltr'><strong>canonicis</strong></span> 
     </span>
     <span class='ocr_line' id='line_1_20' title="bbox 460 2984 1181 3070; baseline -0.004 -17"><span class='ocrx_word' id='word_1_170' title='bbox 460 2987 579 3055; x_wconf 89' lang='lat' dir='ltr'><strong>ibidem</strong></span> <span class='ocrx_word' id='word_1_171' title='bbox 595 2986 696 3070; x_wconf 90' lang='lat' dir='ltr'><strong>[Deo]</strong></span> <span class='ocrx_word' id='word_1_172' title='bbox 713 2984 918 3050; x_wconf 89' lang='lat' dir='ltr'><strong>servientibus</strong></span> <span class='ocrx_word' id='word_1_173' title='bbox 935 3024 941 3036; x_wconf 91' lang='lat'><strong>·</strong></span> <span class='ocrx_word' id='word_1_174' title='bbox 957 2985 991 3049; x_wconf 93' lang='lat' dir='ltr'><strong>in</strong></span> <span class='ocrx_word' id='word_1_175' title='bbox 1005 2985 1064 3050; x_wconf 89' lang='lat' dir='ltr'><strong>hec</strong></span> <span class='ocrx_word' id='word_1_176' title='bbox 1078 2986 1181 3050; x_wconf 88' lang='lat' dir='ltr'><strong>verba.</strong></span> 
     </span>
    </p>

    <p class='ocr_par' dir='ltr' id='par_1_7' title="bbox 462 3089 1851 4452">
     <span class='ocr_line' id='line_1_21' title="bbox 526 3089 1846 3179; baseline -0.003 -21"><span class='ocrx_word' id='word_1_177' title='bbox 526 3092 682 3158; x_wconf 88' lang='lat' dir='ltr'><strong>Henricus</strong></span> <span class='ocrx_word' id='word_1_178' title='bbox 694 3091 755 3156; x_wconf 87' lang='lat' dir='ltr'><strong>Dei</strong></span> <span class='ocrx_word' id='word_1_179' title='bbox 770 3090 874 3178; x_wconf 86' lang='lat' dir='ltr'><strong>gracia</strong></span> <span class='ocrx_word' id='word_1_180' title='bbox 885 3091 957 3156; x_wconf 85' lang='lat' dir='ltr'><strong>Rex</strong></span> <span class='ocrx_word' id='word_1_181' title='bbox 967 3090 1087 3179; x_wconf 87' lang='lat' dir='ltr'><strong>Anglie</strong></span> <span class='ocrx_word' id='word_1_182' title='bbox 1106 3104 1139 3157; x_wconf 92' lang='lat' dir='ltr'><strong>et</strong></span> <span class='ocrx_word' id='word_1_183' title='bbox 1152 3090 1220 3157; x_wconf 86' lang='lat' dir='ltr'><strong>dux</strong></span> <span class='ocrx_word' id='word_1_184' title='bbox 1231 3090 1423 3156; x_wconf 88' lang='lat' dir='ltr'><strong>Normannie</strong></span> <span class='ocrx_word' id='word_1_185' title='bbox 1437 3103 1470 3157; x_wconf 88' lang='lat' dir='ltr'><strong>et</strong></span> <span class='ocrx_word' id='word_1_186' title='bbox 1483 3089 1679 3175; x_wconf 83' lang='lat' dir='ltr'><strong>Aquitannie</strong></span> <span class='ocrx_word' id='word_1_187' title='bbox 1693 3105 1724 3155; x_wconf 92' lang='lat' dir='ltr'><strong>et</strong></span> <span class='ocrx_word' id='word_1_188' title='bbox 1744 3113 1846 3156; x_wconf 90' lang='lat' dir='ltr'><strong>comes</strong></span> 
     </span>
     <span class='ocr_line' id='line_1_22' title="bbox 464 3194 1847 3286; baseline -0.001 -24"><span class='ocrx_word' id='word_1_189' title='bbox 464 3196 650 3286; x_wconf 85' lang='lat' dir='ltr'><strong>Andagavie</strong></span> <span class='ocrx_word' id='word_1_190' title='bbox 667 3234 674 3246; x_wconf 94' lang='lat'><strong>·</strong></span> <span class='ocrx_word' id='word_1_191' title='bbox 690 3194 943 3282; x_wconf 87' lang='lat' dir='ltr'><strong>Archiepiscopis</strong></span> <span class='ocrx_word' id='word_1_192' title='bbox 956 3194 1109 3282; x_wconf 88' lang='lat' dir='ltr'><strong>episcopis</strong></span> <span class='ocrx_word' id='word_1_193' title='bbox 1132 3195 1295 3261; x_wconf 89' lang='lat' dir='ltr'><strong>abbatibus</strong></span> <span class='ocrx_word' id='word_1_194' title='bbox 1309 3195 1475 3261; x_wconf 89' lang='lat' dir='ltr'><strong>comitibus</strong></span> <span class='ocrx_word' id='word_1_195' title='bbox 1489 3195 1657 3262; x_wconf 89' lang='lat' dir='ltr'><strong>baronibus</strong></span> <span class='ocrx_word' id='word_1_196' title='bbox 1668 3196 1847 3284; x_wconf 89' lang='lat' dir='ltr'><strong>justiciariis</strong></span> 
     </span>
     <span class='ocr_line' id='line_1_23' title="bbox 463 3300 1846 3390; baseline 0 -24"><span class='ocrx_word' id='word_1_197' title='bbox 463 3301 698 3368; x_wconf 88' lang='lat' dir='ltr'><strong>vicecomitibus</strong></span> <span class='ocrx_word' id='word_1_198' title='bbox 712 3315 745 3366; x_wconf 89' lang='lat' dir='ltr'><strong>et</strong></span> <span class='ocrx_word' id='word_1_199' title='bbox 759 3300 903 3366; x_wconf 89' lang='lat' dir='ltr'><strong>omnibus</strong></span> <span class='ocrx_word' id='word_1_200' title='bbox 917 3300 1066 3366; x_wconf 89' lang='lat' dir='ltr'><strong>ministris</strong></span> <span class='ocrx_word' id='word_1_201' title='bbox 1085 3314 1117 3367; x_wconf 91' lang='lat' dir='ltr'><strong>et</strong></span> <span class='ocrx_word' id='word_1_202' title='bbox 1131 3300 1275 3366; x_wconf 86' lang='lat' dir='ltr'><strong>fidelibus</strong></span> <span class='ocrx_word' id='word_1_203' title='bbox 1295 3302 1357 3366; x_wconf 90' lang='lat' dir='ltr'><strong>suis</strong></span> <span class='ocrx_word' id='word_1_204' title='bbox 1372 3300 1511 3367; x_wconf 87' lang='lat' dir='ltr'><strong>Franciis</strong></span> <span class='ocrx_word' id='word_1_205' title='bbox 1525 3301 1671 3390; x_wconf 83' lang='lat' dir='ltr'><strong>Anglicis</strong></span> <span class='ocrx_word' id='word_1_206' title='bbox 1685 3317 1717 3368; x_wconf 91' lang='lat' dir='ltr'><strong>et</strong></span> <span class='ocrx_word' id='word_1_207' title='bbox 1732 3302 1846 3368; x_wconf 89' lang='lat' dir='ltr'><strong>Hiber·</strong></span> 
     </span>
     <span class='ocr_line' id='line_1_24' title="bbox 462 3407 1848 3476; baseline 0 -2"><span class='ocrx_word' id='word_1_208' title='bbox 462 3409 621 3476; x_wconf 88' lang='lat' dir='ltr'><strong>nieusibus</strong></span> <span class='ocrx_word' id='word_1_209' title='bbox 632 3409 771 3475; x_wconf 88' lang='lat' dir='ltr'><strong>salutem.</strong></span> <span class='ocrx_word' id='word_1_210' title='bbox 800 3407 912 3475; x_wconf 87' lang='lat' dir='ltr'><strong>Sciatis</strong></span> <span class='ocrx_word' id='word_1_211' title='bbox 926 3433 976 3475; x_wconf 91' lang='lat' dir='ltr'><strong>me</strong></span> <span class='ocrx_word' id='word_1_212' title='bbox 985 3409 1105 3476; x_wconf 90' lang='lat' dir='ltr'><strong>dedisse</strong></span> <span class='ocrx_word' id='word_1_213' title='bbox 1120 3424 1152 3475; x_wconf 91' lang='lat' dir='ltr'><strong>et</strong></span> <span class='ocrx_word' id='word_1_214' title='bbox 1162 3409 1345 3476; x_wconf 90' lang='lat' dir='ltr'><strong>concessisse</strong></span> <span class='ocrx_word' id='word_1_215' title='bbox 1359 3426 1392 3474; x_wconf 90' lang='lat' dir='ltr'><strong>et</strong></span> <span class='ocrx_word' id='word_1_216' title='bbox 1401 3408 1460 3474; x_wconf 91' lang='lat' dir='ltr'><strong>hac</strong></span> <span class='ocrx_word' id='word_1_217' title='bbox 1474 3422 1558 3474; x_wconf 86' lang='lat' dir='ltr'><strong>carta</strong></span> <span class='ocrx_word' id='word_1_218' title='bbox 1572 3433 1641 3474; x_wconf 89' lang='lat' dir='ltr'><strong>mea</strong></span> <span class='ocrx_word' id='word_1_219' title='bbox 1654 3409 1848 3474; x_wconf 85' lang='lat' dir='ltr'><strong>confirmasse</strong></span> 
     </span>
     <span class='ocr_line' id='line_1_25' title="bbox 465 3513 1848 3605; baseline 0.001 -26"><span class='ocrx_word' id='word_1_220' title='bbox 465 3513 592 3580; x_wconf 89' lang='lat' dir='ltr'><strong>ecclesie</strong></span> <span class='ocrx_word' id='word_1_221' title='bbox 608 3514 760 3580; x_wconf 88' lang='lat' dir='ltr'><strong>Omnium</strong></span> <span class='ocrx_word' id='word_1_222' title='bbox 776 3515 962 3582; x_wconf 88' lang='lat' dir='ltr'><strong>Sanctorum</strong></span> <span class='ocrx_word' id='word_1_223' title='bbox 976 3516 1010 3581; x_wconf 90' lang='lat' dir='ltr'><strong>in</strong></span> <span class='ocrx_word' id='word_1_224' title='bbox 1021 3517 1164 3584; x_wconf 88' lang='lat' dir='ltr'><strong>orientali</strong></span> <span class='ocrx_word' id='word_1_225' title='bbox 1182 3531 1269 3605; x_wconf 87' lang='lat' dir='ltr'><strong>parte</strong></span> <span class='ocrx_word' id='word_1_226' title='bbox 1285 3517 1406 3582; x_wconf 91' lang='lat' dir='ltr'><strong>Dublin</strong></span> <span class='ocrx_word' id='word_1_227' title='bbox 1425 3528 1458 3582; x_wconf 90' lang='lat' dir='ltr'><strong>et</strong></span> <span class='ocrx_word' id='word_1_228' title='bbox 1475 3515 1631 3582; x_wconf 89' lang='lat' dir='ltr'><strong>canonicis</strong></span> <span class='ocrx_word' id='word_1_229' title='bbox 1645 3516 1763 3583; x_wconf 89' lang='lat' dir='ltr'><strong>ibidem</strong></span> <span class='ocrx_word' id='word_1_230' title='bbox 1779 3517 1848 3582; x_wconf 91' lang='lat' dir='ltr'><strong>Deo</strong></span> 
     </span>
     <span class='ocr_line' id='line_1_26' title="bbox 465 3619 1848 3710; baseline 0.001 -24"><span class='ocrx_word' id='word_1_231' title='bbox 465 3619 668 3686; x_wconf 89' lang='lat' dir='ltr'><strong>servientibus</strong></span> <span class='ocrx_word' id='word_1_232' title='bbox 691 3620 747 3686; x_wconf 88' lang='lat' dir='ltr'><strong>bas</strong></span> <span class='ocrx_word' id='word_1_233' title='bbox 771 3634 867 3686; x_wconf 86' lang='lat' dir='ltr'><strong>terras</strong></span> <span class='ocrx_word' id='word_1_234' title='bbox 890 3621 1009 3687; x_wconf 90' lang='lat' dir='ltr'><strong>scilicet</strong></span> <span class='ocrx_word' id='word_1_235' title='bbox 1024 3659 1030 3672; x_wconf 92' lang='lat'><strong>·</strong></span> <span class='ocrx_word' id='word_1_236' title='bbox 1047 3621 1298 3710; x_wconf 86' lang='lat' dir='ltr'><strong>Balencongalan</strong></span> <span class='ocrx_word' id='word_1_237' title='bbox 1319 3659 1325 3672; x_wconf 92' lang='lat'><strong>·</strong></span> <span class='ocrx_word' id='word_1_238' title='bbox 1344 3621 1484 3686; x_wconf 88' lang='lat' dir='ltr'><strong>Kanturc</strong></span> <span class='ocrx_word' id='word_1_239' title='bbox 1500 3659 1506 3672; x_wconf 94' lang='lat'>·</span> <span class='ocrx_word' id='word_1_240' title='bbox 1523 3621 1709 3688; x_wconf 90' lang='lat' dir='ltr'><strong>Duncarnac</strong></span> <span class='ocrx_word' id='word_1_241' title='bbox 1730 3661 1736 3673; x_wconf 93' lang='lat'>·</span> <span class='ocrx_word' id='word_1_242' title='bbox 1756 3622 1848 3688; x_wconf 84' lang='lat' dir='ltr'><strong>Bale-</strong></span> 
     </span>
     <span class='ocr_line' id='line_1_27' title="bbox 466 3725 1849 3816; baseline 0.001 -25"><span class='ocrx_word' id='word_1_243' title='bbox 466 3725 596 3814; x_wconf 86' lang='lat' dir='ltr'><strong>dubgall</strong></span> <span class='ocrx_word' id='word_1_244' title='bbox 610 3764 617 3777; x_wconf 95' lang='lat'><strong>·</strong></span> <span class='ocrx_word' id='word_1_245' title='bbox 633 3726 828 3814; x_wconf 85' lang='lat' dir='ltr'><strong>Rubanagan</strong></span> <span class='ocrx_word' id='word_1_246' title='bbox 841 3764 847 3777; x_wconf 94' lang='lat'>·</span> <span class='ocrx_word' id='word_1_247' title='bbox 861 3725 1059 3792; x_wconf 85' lang='lat' dir='ltr'><strong>Onoclislauu</strong></span> <span class='ocrx_word' id='word_1_248' title='bbox 1076 3765 1083 3778; x_wconf 93' lang='lat'><strong>·</strong></span> <span class='ocrx_word' id='word_1_249' title='bbox 1100 3726 1281 3793; x_wconf 87' lang='lat' dir='ltr'><strong>Kaldrouan</strong></span> <span class='ocrx_word' id='word_1_250' title='bbox 1297 3765 1304 3778; x_wconf 95' lang='lat'><strong>·</strong></span> <span class='ocrx_word' id='word_1_251' title='bbox 1319 3727 1354 3791; x_wconf 92' lang='lat' dir='ltr'><strong>in</strong></span> <span class='ocrx_word' id='word_1_252' title='bbox 1368 3741 1550 3814; x_wconf 91' lang='lat' dir='ltr'><strong>perpetuam</strong></span> <span class='ocrx_word' id='word_1_253' title='bbox 1565 3742 1597 3793; x_wconf 89' lang='lat' dir='ltr'><strong>et</strong></span> <span class='ocrx_word' id='word_1_254' title='bbox 1610 3751 1720 3816; x_wconf 86' lang='lat' dir='ltr'><strong>puram</strong></span> <span class='ocrx_word' id='word_1_255' title='bbox 1734 3728 1849 3794; x_wconf 89' lang='lat' dir='ltr'><strong>elemo-</strong></span> 
     </span>
     <span class='ocr_line' id='line_1_28' title="bbox 466 3831 1850 3920; baseline 0 -22"><span class='ocrx_word' id='word_1_256' title='bbox 466 3832 565 3898; x_wconf 87' lang='lat' dir='ltr'><strong>sinam</strong></span> <span class='ocrx_word' id='word_1_257' title='bbox 580 3855 636 3920; x_wconf 89' lang='lat' dir='ltr'><strong>pro</strong></span> <span class='ocrx_word' id='word_1_258' title='bbox 650 3831 748 3898; x_wconf 86' lang='lat' dir='ltr'><strong>salute</strong></span> <span class='ocrx_word' id='word_1_259' title='bbox 763 3833 865 3900; x_wconf 88' lang='lat' dir='ltr'><strong>anime</strong></span> <span class='ocrx_word' id='word_1_260' title='bbox 880 3857 948 3899; x_wconf 87' lang='lat' dir='ltr'><strong>moe</strong></span> <span class='ocrx_word' id='word_1_261' title='bbox 963 3849 996 3899; x_wconf 91' lang='lat' dir='ltr'><strong>et</strong></span> <span class='ocrx_word' id='word_1_262' title='bbox 1010 3846 1236 3900; x_wconf 87' lang='lat' dir='ltr'><strong>antecessorum</strong></span> <span class='ocrx_word' id='word_1_263' title='bbox 1250 3857 1391 3899; x_wconf 91' lang='lat' dir='ltr'><strong>meorum</strong></span> <span class='ocrx_word' id='word_1_264' title='bbox 1407 3871 1414 3884; x_wconf 89' lang='lat'><strong>·</strong></span> <span class='ocrx_word' id='word_1_265' title='bbox 1434 3856 1507 3900; x_wconf 92' lang='lat' dir='ltr'><strong>cum</strong></span> <span class='ocrx_word' id='word_1_266' title='bbox 1521 3832 1650 3899; x_wconf 89' lang='lat' dir='ltr'><strong>decimis</strong></span> <span class='ocrx_word' id='word_1_267' title='bbox 1669 3846 1701 3899; x_wconf 91' lang='lat' dir='ltr'><strong>et</strong></span> <span class='ocrx_word' id='word_1_268' title='bbox 1715 3833 1850 3918; x_wconf 90' lang='lat' dir='ltr'><strong>antiquis</strong></span> 
     </span>
     <span class='ocr_line' id='line_1_29' title="bbox 466 3935 1850 4004; baseline 0 0"><span class='ocrx_word' id='word_1_269' title='bbox 466 3937 606 4004; x_wconf 86' lang='lat' dir='ltr'><strong>terminis</strong></span> <span class='ocrx_word' id='word_1_270' title='bbox 622 3950 654 4003; x_wconf 90' lang='lat' dir='ltr'><strong>et</strong></span> <span class='ocrx_word' id='word_1_271' title='bbox 667 3937 734 4003; x_wconf 83' lang='lat' dir='ltr'><strong>aliis</strong></span> <span class='ocrx_word' id='word_1_272' title='bbox 747 3935 855 4003; x_wconf 90' lang='lat' dir='ltr'><strong>liberis</strong></span> <span class='ocrx_word' id='word_1_273' title='bbox 867 3937 1144 4004; x_wconf 88' lang='lat' dir='ltr'><strong>consuetudinibus</strong></span> <span class='ocrx_word' id='word_1_274' title='bbox 1158 3939 1220 4004; x_wconf 91' lang='lat' dir='ltr'><strong>suis</strong></span> <span class='ocrx_word' id='word_1_275' title='bbox 1234 3976 1240 3989; x_wconf 92' lang='lat'><strong>·</strong></span> <span class='ocrx_word' id='word_1_276' title='bbox 1256 3937 1336 4004; x_wconf 90' lang='lat' dir='ltr'><strong>sicut</strong></span> <span class='ocrx_word' id='word_1_277' title='bbox 1349 3937 1460 4004; x_wconf 89' lang='lat' dir='ltr'><strong>melius</strong></span> <span class='ocrx_word' id='word_1_278' title='bbox 1475 3951 1546 4004; x_wconf 90' lang='lat' dir='ltr'><strong>ante</strong></span> <span class='ocrx_word' id='word_1_279' title='bbox 1560 3937 1729 4004; x_wconf 87' lang='lat' dir='ltr'><strong>adveutum</strong></span> <span class='ocrx_word' id='word_1_280' title='bbox 1744 3961 1850 4004; x_wconf 90' lang='lat' dir='ltr'><strong>meum</strong></span> 
     </span>
     <span class='ocr_line' id='line_1_30' title="bbox 466 4045 1850 4135; baseline -0.001 -24"><span class='ocrx_word' id='word_1_281' title='bbox 466 4046 501 4111; x_wconf 92' lang='lat' dir='ltr'><strong>in</strong></span> <span class='ocrx_word' id='word_1_282' title='bbox 516 4045 702 4112; x_wconf 89' lang='lat' dir='ltr'><strong>Hiberniam</strong></span> <span class='ocrx_word' id='word_1_283' title='bbox 715 4045 835 4116; x_wconf 89' lang='lat' dir='ltr'><strong>habuit.</strong></span> <span class='ocrx_word' id='word_1_284' title='bbox 865 4046 969 4126; x_wconf 81' lang='lat' dir='ltr'><strong>Quare</strong></span> <span class='ocrx_word' id='word_1_285' title='bbox 984 4046 1056 4112; x_wconf 92' lang='lat' dir='ltr'><strong>volo</strong></span> <span class='ocrx_word' id='word_1_286' title='bbox 1070 4061 1103 4112; x_wconf 90' lang='lat' dir='ltr'><strong>et</strong></span> <span class='ocrx_word' id='word_1_287' title='bbox 1113 4046 1243 4112; x_wconf 87' lang='lat' dir='ltr'><strong>firmiter</strong></span> <span class='ocrx_word' id='word_1_288' title='bbox 1256 4046 1394 4135; x_wconf 90' lang='lat' dir='ltr'><strong>precipio</strong></span> <span class='ocrx_word' id='word_1_289' title='bbox 1408 4045 1493 4132; x_wconf 90' lang='lat' dir='ltr'><strong>quod</strong></span> <span class='ocrx_word' id='word_1_290' title='bbox 1504 4045 1675 4134; x_wconf 90' lang='lat' dir='ltr'><strong>predictam</strong></span> <span class='ocrx_word' id='word_1_291' title='bbox 1689 4045 1850 4114; x_wconf 86' lang='lat' dir='ltr'><strong>ecclesiam</strong></span> 
     </span>
     <span class='ocr_line' id='line_1_31' title="bbox 467 4149 1849 4240; baseline -0.004 -18"><span class='ocrx_word' id='word_1_292' title='bbox 467 4169 500 4222; x_wconf 91' lang='lat' dir='ltr'><strong>et</strong></span> <span class='ocrx_word' id='word_1_293' title='bbox 510 4153 673 4222; x_wconf 87' lang='lat' dir='ltr'><strong>canonicos</strong></span> <span class='ocrx_word' id='word_1_294' title='bbox 684 4176 754 4218; x_wconf 90' lang='lat' dir='ltr'><strong>suos</strong></span> <span class='ocrx_word' id='word_1_295' title='bbox 768 4166 800 4219; x_wconf 92' lang='lat' dir='ltr'><strong>et</strong></span> <span class='ocrx_word' id='word_1_296' title='bbox 814 4175 920 4218; x_wconf 89' lang='lat' dir='ltr'><strong>omnes</strong></span> <span class='ocrx_word' id='word_1_297' title='bbox 934 4175 982 4217; x_wconf 91' lang='lat' dir='ltr'><strong>res</strong></span> <span class='ocrx_word' id='word_1_298' title='bbox 995 4166 1028 4218; x_wconf 92' lang='lat' dir='ltr'><strong>et</strong></span> <span class='ocrx_word' id='word_1_299' title='bbox 1042 4165 1136 4218; x_wconf 85' lang='lat' dir='ltr'><strong>terras</strong></span> <span class='ocrx_word' id='word_1_300' title='bbox 1151 4175 1219 4217; x_wconf 89' lang='lat' dir='ltr'><strong>suas</strong></span> <span class='ocrx_word' id='word_1_301' title='bbox 1234 4149 1459 4216; x_wconf 84' lang='lat' dir='ltr'><strong>manuteneatis</strong></span> <span class='ocrx_word' id='word_1_302' title='bbox 1469 4149 1648 4217; x_wconf 89' lang='lat' dir='ltr'><strong>custodiatis</strong></span> <span class='ocrx_word' id='word_1_303' title='bbox 1662 4163 1694 4217; x_wconf 89' lang='lat' dir='ltr'><strong>et</strong></span> <span class='ocrx_word' id='word_1_304' title='bbox 1708 4164 1849 4240; x_wconf 86' lang='lat' dir='ltr'><strong>protega-</strong></span> 
     </span>
     <span class='ocr_line' id='line_1_32' title="bbox 468 4253 1851 4344; baseline -0.003 -18"><span class='ocrx_word' id='word_1_305' title='bbox 468 4259 508 4326; x_wconf 90' lang='lat' dir='ltr'><strong>tis</strong></span> <span class='ocrx_word' id='word_1_306' title='bbox 525 4296 531 4310; x_wconf 89' lang='lat'><strong>·</strong></span> <span class='ocrx_word' id='word_1_307' title='bbox 547 4255 665 4322; x_wconf 91' lang='lat' dir='ltr'><strong>nullam</strong></span> <span class='ocrx_word' id='word_1_308' title='bbox 679 4256 739 4323; x_wconf 91' lang='lat' dir='ltr'><strong>sibi</strong></span> <span class='ocrx_word' id='word_1_309' title='bbox 752 4256 804 4323; x_wconf 89' lang='lat' dir='ltr'><strong>vel</strong></span> <span class='ocrx_word' id='word_1_310' title='bbox 814 4256 907 4322; x_wconf 85' lang='lat' dir='ltr'><strong>rebus</strong></span> <span class='ocrx_word' id='word_1_311' title='bbox 921 4255 983 4320; x_wconf 86' lang='lat' dir='ltr'><strong>suis</strong></span> <span class='ocrx_word' id='word_1_312' title='bbox 997 4255 1144 4341; x_wconf 88' lang='lat' dir='ltr'><strong>injuriam</strong></span> <span class='ocrx_word' id='word_1_313' title='bbox 1159 4254 1211 4320; x_wconf 91' lang='lat' dir='ltr'><strong>vel</strong></span> <span class='ocrx_word' id='word_1_314' title='bbox 1224 4253 1445 4321; x_wconf 89' lang='lat' dir='ltr'><strong>contumeliam</strong></span> <span class='ocrx_word' id='word_1_315' title='bbox 1459 4253 1606 4320; x_wconf 83' lang='lat' dir='ltr'><strong>facientes</strong></span> <span class='ocrx_word' id='word_1_316' title='bbox 1620 4279 1678 4322; x_wconf 89' lang='lat' dir='ltr'><strong>nec</strong></span> <span class='ocrx_word' id='word_1_317' title='bbox 1692 4259 1732 4324; x_wconf 87' lang='lat' dir='ltr'><strong>ab</strong></span> <span class='ocrx_word' id='word_1_318' title='bbox 1746 4257 1851 4344; x_wconf 88' lang='lat' dir='ltr'><strong>aliquo</strong></span> 
     </span>
     <span class='ocr_line' id='line_1_33' title="bbox 468 4360 1851 4452; baseline -0.001 -20"><span class='ocrx_word' id='word_1_319' title='bbox 468 4364 536 4432; x_wconf 88' lang='lat' dir='ltr'><strong>fieri</strong></span> <span class='ocrx_word' id='word_1_320' title='bbox 560 4362 781 4452; x_wconf 87' lang='lat' dir='ltr'><strong>permittentes.</strong></span> <span class='ocrx_word' id='word_1_321' title='bbox 827 4361 882 4429; x_wconf 89' lang='lat' dir='ltr'><strong>Set</strong></span> <span class='ocrx_word' id='word_1_322' title='bbox 906 4361 932 4427; x_wconf 91' lang='lat' dir='ltr'><strong>si</strong></span> <span class='ocrx_word' id='word_1_323' title='bbox 955 4361 1025 4449; x_wconf 90' lang='lat' dir='ltr'><strong>quis</strong></span> <span class='ocrx_word' id='word_1_324' title='bbox 1047 4361 1107 4430; x_wconf 88' lang='lat' dir='ltr'><strong>sibi</strong></span> <span class='ocrx_word' id='word_1_325' title='bbox 1130 4361 1164 4428; x_wconf 91' lang='lat' dir='ltr'><strong>in</strong></span> <span class='ocrx_word' id='word_1_326' title='bbox 1183 4362 1287 4448; x_wconf 84' lang='lat' dir='ltr'><strong>aliquo</strong></span> <span class='ocrx_word' id='word_1_327' title='bbox 1305 4361 1478 4429; x_wconf 84' lang='lat' dir='ltr'><strong>forefecerit</strong></span> <span class='ocrx_word' id='word_1_328' title='bbox 1495 4360 1667 4450; x_wconf 88' lang='lat' dir='ltr'><strong>plenariam</strong></span> <span class='ocrx_word' id='word_1_329' title='bbox 1685 4361 1759 4428; x_wconf 85' lang='lat' dir='ltr'><strong>inde</strong></span> <span class='ocrx_word' id='word_1_330' title='bbox 1785 4363 1851 4430; x_wconf 87' lang='lat' dir='ltr'><strong>sine</strong></span> 
     </span>
    </p>
   </div>
   <div class='ocr_carea' id='block_1_6' title="bbox 1698 4467 1850 4536">
    <p class='ocr_par' dir='ltr' id='par_1_8' title="bbox 1698 4467 1850 4536">
     <span class='ocr_line' id='line_1_34' title="bbox 1698 4467 1850 4536; baseline 0 0"><span class='ocrx_word' id='word_1_331' title='bbox 1698 4467 1850 4536; x_wconf 83' lang='lat' dir='ltr'><strong>dilacione</strong></span> 
     </span>
    </p>
   </div>
   <div class='ocr_carea' id='block_1_7' title="bbox 0 0 2169 5412">
    <p class='ocr_par' dir='ltr' id='par_1_9' title="bbox 0 0 2169 5412">
     <span class='ocr_line' id='line_1_35' title="bbox 0 0 2169 5412; baseline 0 0"><span class='ocrx_word' id='word_1_332' title='bbox 0 0 2169 5412; x_wconf 95' lang='lat' dir='ltr'><strong> </strong></span> 
     </span>
    </p>
   </div>
  </div>
 </body>
</html>
