4306 5414
966 615 1033 687 ¹15

884 773 914 834 P
975 793 987 834 2
1012 819 1019 844 ,
1033 775 1092 836 1122
1103 775 1147 838 16.

359 880 549 961 Adcepisccpi
560 885 859 946 nosmet-tum
872 791 1138 966 12111211222122,
1154 887 1263 966 Β12122
1275 889 1351 948 irem
1368 904 1442 965 ¹3¹²
1457 898 1489 948 to
1507 890 1589 967 2341

881 1063 962 1144 Paga
973 1083 1017 1144 15,
1031 1065 1089 1126 1122
1098 1083 1145 1146 ²3·

359 1199 488 1276 Hisponis
495 1201 757 1280 epimcpit-Hugh
769 1203 960 1286 1212222221,
975 1206 1085 1284 Β12122
1098 1207 1130 1268 21
1142 1207 1233 1266 Ferus
1247 1207 1322 1266 from
1340 1208 1413 1284 1258
1428 1216 1459 1266 to
1477 1209 1559 1268 2282.

863 1388 1067 1466 1122111122
1081 1408 1092 1448 2
1098 1407 1124 1468 ς.

360 1523 391 1581 J.
404 1522 560 1582 Fernenes's
573 1523 803 1604 (1221222221)
816 1527 1068 1605 episcopa-John
1082 1527 1125 1589 St
1135 1529 1224 1601 John,
1239 1528 1349 1606 Bishop
1367 1528 1401 1587 21
1410 1529 1501 1587 Ferus
1522 1528 1597 1586 from
1616 1545 1688 1604 1223

302 1633 333 1682 to
348 1640 430 1700 ¹243·
864 1707 943 1786 Papo
955 1708 998 1780 16,
1013 1708 1129 1784 1122227.

357 1841 670 1923 Lodcrocidrina-By
684 1845 734 1905 the
746 1846 894 1925 following
907 1849 1015 1919 122222,
1030 1849 1217 1926 Arohbishop
1231 1848 1316 1906 Lulre
1332 1847 1447 1906 erected
1466 1846 1517 1906 the
1534 1846 1646 1905 church
1660 1847 1694 1904 oi

300 1942 496 2020 Laraghbrien
510 1943 697 2023 (Maynocth)
713 1947 777 2005 1212
796 1967 813 2004 2
833 1949 963 2026 2221221
982 1950 1016 2008 21
1033 1948 1084 2007 the
1103 1947 1259 2006 Cathedral
1280 1948 1313 2006 21
1327 1947 1371 2006 St.
1386 1945 1515 2006 Patrick.
1557 1947 1619 2006 The
1640 1967 1689 2024 22-

300 2048 419 2116 trouage
439 2040 472 2098 of
481 2041 540 2100 this
557 2043 723 2118 prebendis
737 2043 798 2102 still
811 2045 956 2122 possessed
969 2047 1010 2124 by
1024 2044 1075 2104 the
1090 2045 1178 2103 Duke
1196 2045 1229 2103 21
1239 2045 1380 2112 12122122,
1395 2044 1446 2102 the
1462 2047 1689 2122 representative

304 2139 337 2197 ο1
346 2141 477 2200 Maurice
490 2143 695 2203 Fitz-Gerald:
1129 2193 1131 2200 .

361 2239 538 2300 “Omnibus
562 2242 674 2300 Christi
699 2243 850 2304 Fidelibus
871 2245 908 2304 21
930 2265 1003 2322 quos
1030 2265 1147 2324 presens
1171 2245 1313 2321 scriptum
1335 2243 1501 2320 pervenerit
1522 2243 1616 2302 Lucas
1636 2245 1690 2302 Dei

302 2339 403 2398 Gratis
416 2340 529 2398 Dublin
543 2341 786 2419 Archiepiscopus
803 2343 926 2402 salutem
949 2353 1078 2402 eternam
1096 2344 1127 2401 in
1145 2343 1277 2400 Domino
1317 2340 1466 2400 Noveritis
1487 2360 1539 2398 nos
1559 2341 1595 2400 de
1613 2361 1688 2400 com·

300 2439 383 2496 muni
396 2457 537 2498 consensu
557 2448 587 2498 et
606 2459 723 2498 assensu
737 2481 899 2500 ........
922 2441 1021 2499 decani
1040 2451 1071 2500 et
1078 2441 1200 2518 capituli
1219 2439 1314 2498 nostri
1328 2439 1427 2497 Sancti
1441 2439 1562 2496 Patricii
1576 2439 1689 2498 Dublin

300 2547 331 2596 21
343 2537 379 2596 12
386 2538 538 2596 221221212
551 2551 581 2596 21
594 2557 711 2596 escensu
724 2539 830 2597 nobilis
839 2539 897 2596 2121
905 2539 1023 2597 Domini
1033 2537 1169 2596 Mauricii
1179 2537 1376 2596 Sita-Geraldi
1389 2535 1506 2597 ecclesie
1518 2537 1554 2595 de
1564 2537 1688 2596 Lethed-

298 2638 394 2696 brune
414 2638 477 2695 veri
496 2638 612 2714 patroni
634 2656 688 2713 222
711 2655 741 2694 22
763 2644 794 2694 21
813 2635 971 2694 heredibus
997 2637 1058 2694 suis
1082 2635 1123 2692 sic
1144 2634 1279 2692 statuisse
1300 2642 1330 2691 et
1351 2633 1497 2691 ordinasse
1514 2634 1593 2709 quod
1612 2633 1690 2692 dicto

299 2736 416 2794 ecclesia
428 2735 464 2792 12
477 2734 683 2792 Lathedbrune
696 2752 763 2790 cum
777 2733 841 2808 ejus
854 2733 1039 2810 pertinentiis
1059 2733 1094 2790 de
1114 2741 1210 2790 221222
1233 2732 1272 2789 211
1293 2732 1439 2808 22212212
1456 2732 1573 2790 ecclesie
1591 2743 1688 2792 nostre

299 2833 399 2892 Sancti
412 2834 532 2892 Patricii
545 2834 659 2892 Dublin
680 2843 710 2892 et
723 2833 800 2910 quod
813 2835 953 2912 Magister
967 2832 1130 2892 Richardus
1144 2833 1179 2890 de
1193 2833 1302 2891 Corren
1323 2831 1400 2889 dicte
1419 2831 1536 2889 ecclesie
1549 2831 1585 2889 12
1597 2831 1688 2890 Lath-

297 2931 428 2991 edbruue
441 2934 546 2992 Rector
558 2943 688 3011 tempore
700 2935 887 2994 confeccionis
905 2936 1084 3012 presentium
1105 2942 1136 2993 21
1156 2934 1246 2992 22112
1259 2932 1357 2991 221222
1371 2933 1490 2991 22212212
1511 2951 1687 2992 successores

297 3031 427 3107 ejusdcm
441 3033 556 3090 ecclesie
570 3033 669 3091 Sancti
682 3033 803 3092 Patricii
825 3035 884 3093 sint
903 3035 1032 3093 canonici
1046 3035 1164 3092 stallum
1183 3032 1215 3090 in
1237 3031 1325 3091 choro
1346 3033 1442 3089 locum
1460 3032 1492 3088 12
1507 3031 1636 3107 capitulo
1657 3041 1687 3088 21

296 3131 392 3189 omnia
409 3130 473 3206 juri
493 3139 523 3188 et
544 3131 693 3188 libertates
706 3140 736 3189 et
749 3131 943 3190 emolumenta
965 3132 1041 3190 sicut
1054 3140 1084 3188 et
1097 3130 1147 3188 alii
1160 3129 1288 3188 canonici
1300 3128 1332 3186 in
1346 3127 1444 3186 eodem
1458 3128 1574 3186 ecclesia
1588 3125 1687 3186 Sancti

296 3229 416 3287 Patricii
435 3237 575 3306 perpetuo
600 3231 747 3306 recepturi
770 3238 801 3288 21
820 3229 953 3288 12111221
976 3229 1028 3306 qui
1051 3229 1139 3287 etiem
1159 3248 1246 3287 onera
1269 3227 1399 3303 ejusdem
1420 3227 1536 3284 ecclesie
1558 3226 1687 3282 2122121

296 3329 386 3388 ceteri
397 3329 526 3386 canonici
540 3329 737 3387 sustinebunt
777 3329 858 3387 Dicti
870 3349 939 3388 vero
960 3329 1090 3388 canonici
1102 3347 1155 3406 per
1168 3329 1281 3386 dictum
1294 3327 1470 3384 Mauricium
1484 3334 1514 3384 21
1527 3325 1591 3400 ejus
1604 3324 1686 3384 here·

295 3425 345 3485 des
366 3425 549 3502 presentandi
561 3426 704 3484 ricarium
724 3426 756 3483 in
769 3427 870 3484 ordine
882 3426 1051 3486 diaconatus
1074 3427 1105 3485 in
1127 3426 1205 3485 dicta
1230 3427 1349 3486 ecclesie
1371 3428 1471 3484 Sancti
1494 3425 1616 3484 Patricii
1640 3426 1684 3484 in-

294 3523 412 3582 venient
438 3524 617 3581 serviturum
640 3543 707 3582 2222
731 3524 795 3582 aliis
808 3525 885 3582 dicte
898 3525 1015 3583 ecclesie
1026 3525 1142 3583 vicariis
1162 3524 1286 3583 similem
1305 3525 1337 3582 in
1349 3524 1485 3582 omnibus
1507 3523 1684 3584 emolumen-

295 3630 394 3679 torum
407 3629 595 3698 sumpturum
608 3621 780 3698 porcionem.
817 3621 982 3680 Statuimus
995 3623 1113 3702 1222222
1124 3631 1153 3682 21
1166 3623 1362 3681 ordinavimus
1371 3623 1449 3698 quod
1457 3624 1686 3700 quotiescunque

296 3721 403 3778 1121222
425 3720 571 3778 ecclesiam
589 3719 625 3778 de
641 3719 848 3780 Lathedbruue
866 3741 983 3799 pernes
1004 3723 1108 3781 iactam
1121 3722 1345 3781 Prebendariam
1365 3731 1401 3779 ut
1421 3722 1621 3798 supradictum
1641 3733 1685 3782 est

296 3839 396 3877 vacare
409 3818 564 3894 contigerit
577 3818 674 3878 112122
685 3863 821 3881 .......
837 3823 943 3880 2221212
953 3864 1093 3883 .......
1107 3823 1260 3881 addictam
1270 3821 1416 3879 ecclesiam
1429 3822 1464 3880 de
1478 3821 1686 3881 Lathedbrune

296 3920 410 3978 nomine
424 3917 573 3977 Prebende
586 3917 732 3977 iidoneum
746 3921 964 3997 presentabunt
1005 3921 1054 3978 Ad
1067 3919 1120 3978 hec
1130 3919 1222 3977 221221
1229 3918 1359 3976 universi
1368 3918 1446 3994 quod
1453 3917 1584 3995 predicto
1593 3920 1684 3978 nobili

296 4016 360 4074 2122
372 4017 514 4075 Mauricio
531 4018 578 4076 221
596 4018 660 4094 ejus
672 4018 828 4078 heredibus
851 4039 904 4097 per
917 4039 950 4078 ea
962 4040 1020 4097 que
1033 4039 1121 4098 22222
1134 4019 1242 4096 2221212
1262 4026 1333 4076 2221
1349 4025 1493 4094 quantum
1512 4017 1548 4075 ad
1563 4017 1614 4092 jus
1633 4036 1683 4093 22-

295 4123 429 4174 12222122
450 4116 556 4174 attinet
569 4118 600 4174 in
612 4120 695 4178 nullo
713 4120 910 4197 prejudicium
931 4121 1118 4198 generabitur
1141 4120 1212 4196 quin
1227 4119 1318 4176 libere
1338 4117 1449 4194 possint
1463 4124 1492 4174 et
1505 4115 1627 4172 debeant
1646 4115 1684 4172 ad

294 4217 401 4276 dictam
415 4217 560 4276 ecclesiam
580 4218 616 4276 de
633 4220 839 4280 Lathedbruue
852 4242 920 4280 cum
933 4222 1025 4299 ipsam
1038 4241 1138 4279 vacare
1151 4219 1306 4295 contigerit
1319 4226 1355 4274 ut
1369 4216 1502 4293 22222122
1516 4213 1682 4272 continetur

295 4317 404 4390 absque
412 4313 640 4372 contradiccions
653 4317 749 4393 aliqua
760 4329 934 4396 presentare.
954 4321 994 4378 Et
1004 4328 1041 4378 ut
1051 4319 1217 4396 supradicte
1229 4317 1375 4376 ordinacio
1387 4324 1486 4374 222122
1496 4323 1526 4372 21
1535 4323 1681 4374 statutum

294 4423 434 4493 perpetue
449 4411 596 4472 firmitatis
612 4414 705 4472 robur
716 4419 845 4493 22112221
858 4419 928 4478 1212
942 4421 1050 4496 scripto
1062 4420 1093 4477 in
1105 4418 1223 4476 modum
1237 4416 1400 4495 cirographi
1409 4413 1538 4476 confecto
1551 4413 1681 4490 sigillum

962 4514 1021 4596 Q2
1547 4522 1680 4572 nostrum
