4306 5414
954 657 999 731 97

279 815 384 880 David
403 817 562 902 quondam
580 815 682 882 Priori
700 816 841 905 predicte
862 816 991 884 ecclesie
1015 816 1222 904 predecessori
1247 813 1379 903 predicti
1403 812 1521 878 Prioris
1546 824 1616 899 post
1639 826 1672 877 et

278 933 380 986 cetera
402 937 439 986 ut
462 922 540 988 dicit
553 935 586 988 et
603 935 714 988 cetera.
759 922 804 987 Et
818 922 951 1010 predicti
969 922 1107 988 Thomas
1124 935 1157 988 et
1170 921 1277 987 Alicia
1296 919 1389 984 modo
1411 918 1544 984 veniunt
1566 931 1598 982 et
1619 941 1672 1006 pe-

278 1041 349 1094 tunt
371 1029 446 1096 inde
469 1031 571 1096 visum
590 1030 727 1097 habeant
749 1043 783 1096 et
804 1044 915 1098 cetera
960 1031 1037 1096 Dies
1060 1031 1150 1096 datus
1172 1043 1219 1096 est
1236 1029 1280 1095 eis
1299 1027 1351 1093 hic
1371 1027 1404 1091 in
1424 1024 1542 1093 octabis
1566 1024 1674 1092 Sancti

279 1135 415 1202 Hillarii.
441 1137 485 1203 Et
498 1137 625 1204 interim
640 1152 672 1205 et
686 1151 797 1205 cetera.
826 1137 883 1203 Ad
899 1161 991 1223 quem
1008 1137 1092 1203 diem
1107 1137 1227 1203 scilicet
1240 1137 1274 1200 in
1289 1135 1406 1202 octabis
1423 1134 1530 1200 Sancti
1545 1134 1673 1199 Hillarii

278 1253 379 1326 partes
393 1241 533 1328 predicte
549 1256 703 1308 venerunt
717 1242 770 1308 hic
784 1255 817 1308 et
831 1241 1004 1308 vicecomes
1019 1265 1083 1306 non
1098 1240 1269 1306 retomavit
1282 1241 1378 1306 breve
1389 1240 1429 1305 de
1439 1238 1571 1324 judicio.
1595 1239 1672 1304 Ideo

278 1359 461 1434 preceptum
475 1361 522 1413 est
536 1347 714 1414 vicecomiti
729 1348 811 1414 sicut
825 1348 912 1436 prius
926 1347 1012 1434 quod
1026 1347 1141 1414 habere
1161 1347 1254 1413 faciat
1272 1346 1414 1433 predicto
1430 1345 1553 1410 Thome
1569 1343 1671 1410 visum

278 1465 309 1517 et
323 1466 434 1519 cetera.
480 1453 557 1520 Dies
571 1454 660 1520 datus
675 1467 722 1520 est
735 1454 788 1520 hic
802 1454 837 1519 in
852 1454 970 1521 octabis
987 1454 1099 1521 Sancte
1116 1451 1281 1518 Trinitatis
1295 1467 1328 1518 et
1342 1450 1468 1518 interim
1482 1466 1515 1516 et
1528 1464 1638 1518 cetera.

949 1715 997 1787 X.

557 1899 628 1998 [lit
644 1901 739 1976 tart:
765 1900 838 1994 iil:
871 1927 922 1974 ιι.
950 1903 1045 1976 Quin.
1064 1903 1117 1976 ll.
1142 1901 1293 1988 wamhs
1321 1897 1395 1996 9o.]

363 2080 440 2146 Rior
460 2081 571 2148 domus
593 2082 746 2149 Omnium
770 2083 955 2151 Sanctorum
972 2085 1068 2171 juxte
1092 2083 1215 2150 Dubhn
1240 2083 1381 2170 queritur
1404 2083 1443 2148 de
1470 2082 1610 2148 Henrico
1633 2083 1673 2148 de

375 2189 465 2256 Anet
479 2190 518 2255 de
534 2214 571 2256 eo
586 2191 671 2276 quod
686 2189 738 2256 die
750 2189 840 2256 Lune
855 2191 889 2255 in
904 2192 1038 2258 crastino
1052 2191 1159 2257 Sancti
1174 2191 1196 2257 J
1197 2190 1328 2257 ohannis
1340 2190 1480 2278 Baptiste
1495 2213 1577 2255 anno
1591 2189 1674 2278 regis

281 2317 363 2359 nunc
378 2309 469 2361 sexto
484 2297 568 2385 apud
583 2297 707 2365 Dublin
720 2299 908 2364 convenitur
921 2299 1004 2364 inter
1017 2298 1174 2387 predictos
1190 2298 1330 2364 Priorem
1348 2311 1381 2364 et
1395 2295 1571 2360 Henricum
1586 2296 1674 2362 vide-

280 2397 379 2464 licet·
403 2398 489 2485 quod
513 2399 672 2487 predictus
694 2401 785 2467 Prior
808 2402 959 2468 concessit
980 2416 1012 2469 et
1033 2403 1164 2469 tradidit
1184 2403 1325 2491 predicto
1347 2401 1486 2468 Henrico
1512 2402 1675 2490 grangiam

281 2529 367 2571 suam
382 2507 422 2572 de
435 2508 624 2596 Balydowill
637 2508 718 2591 [Cor
734 2509 872 2597 Dublin]
890 2511 929 2576 ad
940 2523 1038 2576 totam
1049 2511 1149 2576 vitam
1163 2510 1261 2599 ipsius
1272 2507 1404 2576 Henrici
1419 2507 1587 2572 tenendam
1601 2529 1674 2571 curn

281 2613 425 2679 omnibus
447 2613 535 2679 terris
557 2628 590 2680 et
611 2615 798 2680 tenementis
812 2629 845 2681 et
859 2615 990 2681 vesturis
1005 2616 1091 2682 bladi
1106 2630 1139 2681 et
1158 2615 1240 2703 prati
1260 2628 1292 2682 et
1313 2628 1379 2679 toto
1401 2613 1540 2677 instauro
1555 2610 1590 2676 in
1604 2635 1674 2699 pre-

281 2717 365 2784 dicta
378 2718 509 2806 grangia
524 2719 661 2784 invento.
693 2719 868 2786 Reddendo
883 2720 957 2786 inde
972 2744 1028 2808 per
1043 2743 1160 2785 annum
1175 2719 1316 2807 predicto
1326 2717 1429 2785 Priori
1443 2716 1573 2804 triginta
1586 2740 1674 2784 cran-

280 2849 373 2892 nocos
387 2827 536 2893 frumenti
551 2841 584 2894 et
598 2828 728 2916 triginta
742 2853 911 2895 crannocos
926 2853 1023 2894 avene
1039 2827 1080 2893 ad
1093 2828 1222 2892 domum
1234 2826 1387 2893 Omnium
1404 2823 1590 2890 Sanctorum
1605 2847 1674 2910 pre·

280 2927 396 2996 dictam
413 2968 420 2982 ·
435 2930 636 2998 medictatem
658 2931 699 2997 ad
717 2931 831 2997 festum
848 2931 956 2998 Sancti
974 2931 1140 2997 Michaelis
1162 2946 1194 2996 et
1213 2931 1305 2996 aliam
1328 2929 1528 2997 medietatem
1546 2929 1587 2995 ad
1601 2929 1676 2994 Pas-

281 3036 372 3102 oham
396 3075 402 3088 ·
424 3036 463 3103 de
479 3062 542 3124 qua
556 3039 686 3125 quidem
700 3039 832 3129 grangia
849 3040 1008 3128 predictus
1023 3039 1181 3106 Henricus
1203 3063 1259 3126 per
1277 3038 1451 3127 predictam
1470 3037 1675 3102 tradicionem

280 3141 341 3208 fuit
362 3143 492 3232 pacifice
515 3143 645 3211 saisitus.
691 3147 797 3226 Unde¹
809 3146 913 3213 eidem
939 3146 1041 3212 Priori
1064 3146 1258 3212 determino
1280 3143 1388 3212 Sancti
1407 3143 1574 3210 Michaelis
1593 3167 1675 3208 anno

280 3247 362 3336 regis
376 3272 461 3315 nunc
475 3273 559 3316 nono
579 3250 618 3316 de
637 3252 764 3317 redditu
785 3251 927 3341 predicto
947 3277 966 3318 a
984 3265 1066 3318 retro
1085 3264 1158 3316 sunt
1175 3251 1339 3317 tresdecim
1359 3249 1505 3316 crannoci
1526 3249 1675 3314 frumenti

281 3367 312 3419 et
327 3367 397 3420 octo
412 3356 558 3422 crannoci
573 3381 670 3423 avene
685 3358 826 3446 precium
841 3359 1010 3445 cujuslibet
1024 3357 1169 3425 crannoci
1184 3356 1343 3424 sexdecim
1358 3355 1449 3422 solidi
1461 3355 1675 3442 quodquidam

280 3457 410 3523 bladum
430 3458 587 3546 predictus
610 3460 768 3527 Hernicus
790 3463 931 3550 predicto
950 3463 1053 3529 Priori
1075 3463 1239 3548 hucusque
1263 3462 1393 3528 reddere
1417 3460 1611 3527 contradixit
1636 3461 1675 3527 ed

281 3561 454 3652 dampnum
468 3563 565 3652 ipsius
580 3566 697 3632 Prioris
711 3566 828 3658 viginti
842 3568 992 3636 librarum
1007 3583 1040 3636 et
1053 3569 1128 3637 inde
1141 3571 1222 3660 petit
1235 3569 1418 3637 remedium.

345 3668 390 3732 Et
404 3668 562 3756 predictus
573 3670 732 3738 Hernicus
746 3673 835 3739 venit
849 3688 881 3740 et
895 3673 974 3740 dicit
988 3677 1074 3761 quod
1088 3677 1247 3743 accionem
1262 3677 1336 3743 inde
1351 3702 1458 3744 versus
1472 3703 1545 3744 eum
1560 3680 1675 3746 habere

281 3797 345 3838 non
359 3787 462 3862 potest
474 3775 548 3862 quia
563 3776 641 3843 dicit
655 3778 740 3864 quod
755 3779 807 3846 die
822 3780 935 3847 Martis
949 3781 1096 3869 proximo
1112 3798 1183 3871 post
1196 3783 1309 3850 festum
1324 3783 1430 3850 Sancti
1443 3784 1580 3850 Dionisii
1594 3811 1674 3852 mar·

281 3877 347 3942 tiris
362 3903 445 3944 anno
459 3879 541 3968 regis
555 3905 641 3947 nunc
663 3881 786 3949 decimo
806 3884 891 3972 apud
906 3885 1030 3952 Dublin
1044 3887 1089 3954 ita
1103 3889 1289 3955 convenitur
1303 3889 1386 3956 inter
1400 3891 1542 3958 Priorem
1556 3907 1588 3958 et
1602 3919 1675 3962 con-

281 3994 412 4048 ventum
427 3982 537 4049 domus
552 3985 692 4072 predicte
706 4000 739 4053 et
752 3989 929 4076 predictum
944 3990 1120 4058 Henricum
1135 3991 1283 4060 videlicet
1299 4033 1306 4047 ·
1322 3996 1407 4081 quod
1418 3997 1576 4084 predictus
1588 3997 1676 4064 Hen-

281 4087 363 4153 ricus
377 4088 533 4155 relaxavit
547 4104 579 4156 et
593 4091 698 4178 quiete
713 4093 861 4160 clamavit
872 4095 963 4162 dictis
975 4097 1078 4163 Priori
1092 4110 1125 4164 et
1138 4099 1308 4165 conventui
1320 4124 1411 4168 omne
1422 4102 1476 4188 jus
1487 4116 1519 4168 et
1529 4103 1677 4169 olamium

282 4194 367 4280 quod
381 4194 493 4261 habuit
507 4197 559 4263 vel
573 4197 688 4264 habere
702 4201 806 4287 potuit
820 4200 854 4265 in
868 4202 1001 4291 grangia
1019 4203 1161 4291 predicta
1174 4229 1217 4271 ex
1237 4207 1434 4274 concessione
1449 4222 1481 4275 et
1498 4209 1677 4276 dimissione

281 4299 494 4388 predictorum
509 4302 626 4369 Prioris
640 4317 672 4370 et
686 4319 859 4373 conventus
874 4308 914 4374 ad
929 4309 1099 4374 terminum
1113 4309 1179 4376 rite
1194 4310 1291 4400 ipsius
1303 4313 1445 4380 Henrici.
1489 4316 1538 4380 Ita
1552 4329 1588 4380 ut
1602 4340 1676 4382 con-

281 4405 440 4472 tenciones
459 4409 585 4493 querele
604 4423 637 4476 et
657 4435 763 4479 omnes
784 4414 925 4482 acciones
947 4439 1002 4482 seu
1024 4417 1178 4486 demands
1200 4418 1283 4486 inter
1304 4421 1428 4488 eosdem
1448 4435 1575 4489 actenus
1593 4439 1678 4490 mote

324 4531 416 4576 rursu
432 4530 528 4578 raon.
545 4534 608 4580 soc.
629 4538 676 4582 ro.
967 4519 998 4586 Ο
1621 4553 1676 4596 seu
