4284 5412
969 649 1013 727 73

292 837 393 878 coram
409 814 556 903 magistro
572 813 728 880 Michaele
744 813 783 879 de
795 811 952 877 Londoun
967 836 1098 899 parsona
1111 813 1150 879 de
1163 813 1366 904 Wygyngelo
1379 855 1386 868 ·
1399 816 1526 883 domino
1541 819 1679 886 Roberto

291 920 450 1007 capellano
465 920 555 986 castri
571 921 610 985 de
621 919 828 1008 Wykyngelo
845 957 852 971 ·
868 916 1010 984 Waltero
1024 919 1091 985 filio
1106 920 1235 1009 Georgii
1252 959 1259 974 ·
1275 922 1430 990 Mauricio
1445 925 1510 990 filio
1526 925 1655 1015 Georgii
1673 967 1679 977 ·

291 1023 427 1091 Roberto
442 1026 471 1091 16
489 1026 591 1092 Smale
605 1063 611 1076 ·
625 1026 771 1091 «Iohanne
786 1024 944 1090 Hakefote
960 1062 967 1076 ·
984 1025 1090 1090 David
1104 1026 1133 1091 le
1150 1027 1228 1092 Hals
1244 1065 1251 1077 ·
1270 1027 1439 1116 Sampsone
1454 1031 1519 1095 filio
1535 1031 1677 1098 Alexan-

292 1131 338 1194 dri
354 1169 363 1182 ·
377 1131 519 1197 Waltero
533 1133 563 1197 16
579 1132 702 1198 Curteis
719 1171 725 1184 ·
742 1131 876 1198 Ricardo
892 1131 978 1198 Albo
995 1170 1001 1184 ·
1018 1131 1153 1197 Ricardo
1173 1133 1212 1198 de
1228 1131 1420 1201 Hartelande
1437 1175 1443 1187 ·
1460 1136 1595 1203 Ricardo
1605 1139 1677 1205 Pal-

288 1237 396 1303 mifero
410 1239 565 1304 Ι11166616
580 1239 620 1306 de
637 1240 832 1328 Kylmantan
855 1252 888 1304 61
911 1238 989 1304 61116.
1033 1240 1078 1305 Ε1
1097 1263 1200 1306 coram
1215 1241 1362 1328 predictis
1385 1255 1516 1330 uterque
1530 1243 1678 1310 videlicet

289 1343 389 1409 dictus
403 1342 478 1408 Ada
492 1342 621 1433 Longus
636 1359 668 1411 61
682 1345 801 1410 Editha
815 1344 882 1430 ejus
896 1367 1007 1432 sponsa
1021 1344 1227 1412 affidavemnt
1243 1345 1334 1412 istam
1348 1348 1593 1415 convencionem
1608 1351 1675 1416 abs-

288 1476 347 1538 que
361 1451 427 1517 ulla
440 1452 642 1520 cavillaoione
657 1467 689 1520 et
702 1453 812 1519 fraude
827 1452 957 1518 firmiter
971 1453 1147 1519 tenendam.

873 1800 1077 1873 LXXXII.

603 1986 744 2060 616116
762 2005 834 2059 6116
852 1987 885 2059 11
903 1997 1073 2060 1161111611
1089 1990 1124 2058 tu
1141 1986 1354 2078 1116166611.

354 2171 448 2240 Ciant
462 2189 618 2262 presentes
637 2187 669 2239 61
682 2173 779 2240 futuri
795 2174 880 2260 quod
898 2199 957 2263 ego
971 2171 1151 2238 Willelmus
1166 2171 1228 2237 Κ61
1250 2187 1282 2239 61
1295 2173 1424 2239 Juliana
1438 2173 1477 2239 de
1487 2172 1675 2262 Weyseford

373 2303 456 2345 uxor
476 2304 546 2344 mea
560 2278 703 2345 dedimus
725 2294 757 2344 61
771 2279 977 2345 concessimus
991 2291 1023 2344 61
1041 2279 1100 2344 hac
1115 2279 1251 2367 presenti
1265 2294 1349 2345 carta
1363 2293 1466 2345 nostra
1479 2279 1675 2346 confirmavi-

288 2408 355 2449 mus
366 2385 469 2450 Priori
484 2398 516 2450 et
530 2385 699 2450 conventui
711 2385 863 2450 Omnium
877 2385 1060 2451 Sanctorum
1071 2385 1168 2472 juxta
1182 2385 1304 2452 Dublin
1318 2410 1414 2452 unam
1429 2411 1530 2452 acram
1546 2401 1625 2453 terre
1640 2387 1674 2452 in

288 2501 464 2554 tenemento
479 2489 518 2554 dc
532 2489 688 2578 Wykinlo
702 2492 799 2578 juxta
816 2491 923 2558 vicum
938 2492 977 2557 de
993 2491 1143 2558 Punsalin
1164 2492 1199 2556 in
1222 2507 1309 2580 parte
1330 2493 1515 2559 occidentali
1533 2494 1674 2560 ·sci1icet

288 2593 371 2659 illam
383 2620 444 2681 que
454 2596 540 2680 jacet
550 2595 631 2661 inter
641 2614 755 2662 terram
766 2621 827 2684 que
838 2597 899 2663 fuit
908 2597 990 2686 Elye
1001 2598 1222 2665 cornubiensis
1233 2599 1267 2663 in
1277 2612 1364 2686 parte
1376 2599 1501 2665 australi
1513 2613 1545 2664 et
1559 2613 1673 2666 terram

288 2727 346 2788 que
359 2701 422 2768 fuit
435 2703 588 2768 «Iohannis
603 2703 643 2768 de
658 2703 857 2792 Karmerdyn
880 2705 914 2770 in
936 2719 1023 2793 parte
1045 2705 1156 2772 boriali
1172 2744 1179 2756 ·
1194 2705 1371 2772 habendam
1397 2719 1430 2772 61
1451 2705 1618 2772 tenendam
1633 2707 1673 2771 de

287 2809 374 2875 nobis
385 2823 417 2874 et
430 2809 597 2876 heredibus
611 2809 722 2875 6661116
736 2811 770 2876 16
781 2836 891 2899 puram
906 2826 938 2878 61
948 2826 1131 2900 perpetuam
1145 2812 1345 2878 elemosinam
1357 2836 1412 2900 pro
1428 2811 1588 2877 animabus
1603 2834 1672 2875 nos-

287 2918 339 2983 tris
362 2931 394 2986 et
415 2933 642 2984 antecessorum
665 2933 840 2984 nostrorum
854 2919 951 2984 libere
973 2933 1006 2984 61
1028 2917 1133 3006 quiete
1155 2917 1292 3005 plenarie
1307 2931 1340 2982 61
1360 2917 1482 3006 integre
1496 2919 1576 2984 bene
1591 2917 1671 2982 etin

287 3053 370 3115 pace.
414 3029 588 3097 Reddendo
602 3030 676 3095 inde
691 3030 853 3097 annuatim
871 3031 961 3097 nobis
979 3045 1011 3096 61
1025 3031 1192 3097 heredibus
1210 3030 1321 3096 nostris
1341 3055 1440 3096 unum
1455 3031 1617 3098 denarium
1632 3032 1672 3097 ad

287 3135 381 3201 Pasca
394 3159 452 3223 pro
467 3134 553 3200 omni
568 3135 698 3202 servicio
713 3137 878 3202 exactione
889 3151 921 3202 et
936 3137 1090 3202 demanda
1102 3137 1193 3202 nobis
1207 3151 1239 3202 et
1253 3137 1419 3203 heredibus
1434 3137 1670 3224 pertinentibus.

348 3239 413 3306 Nos
428 3265 503 3306 vero
518 3241 651 3329 predicti
665 3241 845 3308 Willelmus
861 3243 922 3308 Κ61
937 3255 970 3310 61
983 3242 1110 3308 Juliana
1125 3243 1164 3308 de
1179 3242 1366 3330 Weyseford
1381 3256 1413 3309 61
1427 3243 1556 3309 heredes
1574 3244 1670 3308 nostri

286 3347 432 3434 predictis
443 3347 545 3412 Priori
560 3359 592 3412 61
606 3346 775 3411 conventui
789 3346 929 3432 ejusdem
944 3346 1005 3412 loci
1016 3346 1188 3433 predictam
1204 3370 1305 3412 acram
1320 3371 1376 3434 pro
1391 3349 1531 3435 predicto
1546 3349 1670 3414 redditu

286 3469 390 3520 666116
405 3479 512 3521 616666
522 3455 664 3521 homines
675 3469 707 3522 61
717 3456 846 3521 feminas
860 3456 894 3521 iu
909 3471 1095 3544 perpetuum
1109 3457 1386 3523 warantizabimus.
1431 3457 1478 3524 Ut
1492 3470 1596 3525 autem
1610 3459 1668 3525 hec

285 3577 387 3627 nostra
397 3561 528 3627 donacio
543 3561 698 3626 concessio
713 3575 745 3626 61
759 3560 956 3626 confirmacio
971 3562 1066 3625 robur
1084 3560 1300 3649 perpetuitatis
1319 3562 1481 3649 optineant
1495 3577 1669 3651 presentem

284 3681 398 3733 6111616
421 3666 596 3756 sigillorum
618 3681 793 3733 nostrornm
806 3667 1007 3754 impressione
1021 3667 1152 3734 firmiter
1173 3669 1447 3736 corroboravimus.
1491 3669 1563 3735 Hiis
1583 3671 1669 3736 testi-

284 3775 340 3840 bus
353 3814 359 3827 ·
373 3775 509 3842 Ricardo
523 3775 610 3841 Albo
623 3813 629 3828 ·
643 3777 726 3864 Elya
740 3775 947 3843 Cornubiensi
961 3814 967 3828 ·
979 3777 1002 3842 J
1003 3777 1124 3842 ohanne
1139 3776 1180 3842 de
1194 3775 1382 3842 Kermerdin
1395 3815 1402 3828 ·
1415 3777 1540 3846 Thema
1554 3777 1647 3844 Pincl
1661 3816 1667 3829 ·

285 3879 356 3948 Ado
370 3881 449 3948 Hals
463 3921 469 3934 ·
482 3883 612 3950 Andrea
625 3883 756 3951 11661616
770 3883 927 3974 preposito
942 3897 1017 3950 tunc
1030 3922 1037 3936 ·
1049 3883 1187 3950 Roberto
1202 3882 1314 3950 clerico
1329 3899 1361 3950 61
1375 3882 1452 3950 aliis.

324 4587 525 4634 1116616611.
542 4585 605 4633 666.
626 4589 672 4632 16.
1465 4561 1662 4627 LXXXIII.
