4306 5414
1134 657 1200 729 130

471 826 599 903 cognitio
612 824 739 902 pertinet
752 821 787 881 de
809 822 902 879 causis
923 838 995 896 quas
1016 836 1104 893 super
1121 817 1311 893 pecuniarum
1331 814 1451 872 summis
1473 831 1524 872 seu
1543 813 1770 889 possessionibus
1790 813 1867 870 iuter

473 927 574 984 Laioos
596 925 652 982 sibi
665 923 798 982 subditos
811 920 888 979 verti
906 918 1062 994 contigerit
1079 917 1191 993 possint
1214 933 1385 992 cognoscere
1403 911 1559 971 dummodo
1580 921 1699 989 pactum
1718 909 1868 970 firmatum

473 1024 529 1082 fide
544 1024 591 1082 vel
603 1025 771 1099 juramento
792 1021 983 1078 intervenerit
996 1019 1074 1076 inter
1086 1027 1193 1094 partes,
1217 1026 1247 1076 et
1269 1016 1294 1073 si
1315 1015 1421 1091 aliquis
1439 1013 1544 1072 Laicus
1563 1013 1753 1090 conqueritur
1772 1031 1868 1070 coram

473 1122 533 1180 illis
555 1120 633 1198 quod
646 1121 800 1197 quisquam
815 1117 920 1174 Laicus
934 1135 1034 1172 eorum
1057 1114 1196 1172 subditus
1208 1115 1305 1190 ipsum
1321 1131 1409 1189 super
1430 1113 1528 1188 aliquo
1541 1112 1664 1169 crimine
1676 1111 1869 1170 diffamaverit

473 1219 561 1276 iidem
584 1236 672 1294 super
690 1216 746 1274 hoc
766 1213 802 1271 de
815 1210 985 1287 hujusmodi
1005 1209 1215 1268 consuetudine
1225 1209 1362 1285 judicant
1384 1219 1414 1268 et
1433 1221 1619 1286 cognoscunt,
1635 1210 1740 1269 Clerici
1754 1230 1870 1288 quoque

475 1319 650 1394 injuratores
677 1334 744 1374 suos
770 1314 871 1370 Laioos
892 1312 1095 1370 consueverint
1116 1331 1133 1368 a
1152 1319 1282 1387 tempore
1301 1311 1387 1386 cujus
1408 1309 1546 1368 memoria
1566 1327 1625 1366 non
1647 1308 1750 1366 existit
1773 1327 1869 1366 coram

475 1416 684 1474 Ecclesiasticis
699 1415 718 1472 J
720 1412 856 1470 udicibus
869 1411 1029 1480 convenire,
1046 1410 1096 1468 sed
1109 1412 1128 1468 J
1130 1409 1273 1468 usticiarii
1286 1409 1426 1467 carissimi
1439 1407 1471 1465 in
1486 1407 1603 1466 Christo
1616 1406 1670 1464 filii
1682 1405 1776 1464 nostri
1787 1405 1869 1462 illus-

476 1516 531 1570 tris
545 1514 632 1589 Regis
642 1511 750 1587 Anglie
766 1529 798 1567 ac
812 1509 911 1566 dilecti
923 1507 978 1564 filii
991 1507 1097 1564 nobilis
1117 1508 1174 1564 viri
1188 1507 1222 1564 E.
1233 1506 1420 1583 primogeniti
1433 1507 1498 1581 ejus
1510 1505 1629 1563 Domini
1643 1505 1785 1563 Hibernia
1798 1523 1870 1580 quo·

475 1613 573 1670 minus
587 1609 832 1686 Archicpisccpus
855 1605 1029 1683 suffraganei
1042 1606 1175 1664 officiales
1193 1613 1223 1663 et
1244 1605 1364 1663 ludices
1385 1604 1508 1680 predicti
1530 1604 1567 1661 de
1586 1602 1755 1679 hujusmodi
1776 1604 1870 1662 musis

475 1715 648 1784 cognoscant
671 1714 701 1762 et
718 1703 852 1779 judicent
871 1711 972 1760 contra
992 1702 1139 1776 justitiam
1160 1701 1306 1778 impedere
1326 1711 1496 1778 presumant
1512 1700 1699 1779 prohibentes
1720 1701 1812 1780 (quod
1834 1722 1871 1760 ne

475 1807 547 1883 quid
561 1803 617 1879 est)
632 1823 669 1862 nc
683 1802 788 1862 Clerici
802 1801 928 1860 Clericus
941 1802 971 1857 in
985 1802 1079 1858 causis
1092 1801 1266 1877 pecuniariis
1286 1811 1339 1858 aut
1353 1801 1548 1858 Ecclesiarum
1562 1801 1697 1859 Rectores
1718 1821 1806 1878 super
1819 1802 1870 1859 ali·

476 1906 584 1982 quibus
609 1902 733 1980 capellis
751 1901 788 1959 ad
805 1900 946 1959 Ecclesias
967 1901 1037 1976 ipsis
1059 1900 1257 1976 spectantibus
1278 1907 1331 1956 aut
1352 1917 1439 1975 super
1459 1898 1577 1958 decimis
1594 1900 1718 1957 elianam
1730 1901 1871 1959 Ecclesia-

476 2025 544 2062 rum
559 2005 694 2062 Rectores
706 2019 802 2059 coram
808 1998 915 2058 Judioe
924 1998 1126 2056 Ecclesiastico
1140 1998 1293 2056 convenire
1305 2005 1484 2075 presumant,
1505 1998 1593 2056 iidem
1607 1999 1694 2056 etiam
1708 1999 1872 2058 Justioiarii

476 2113 507 2162 61
517 2103 623 2161 Ballivi
637 2119 694 2160 uon
707 2099 886 2177 permittunt
895 2097 973 2173 quod
981 2097 1158 2156 contemnati
1165 2097 1295 2174 legitime
1302 2097 1619 2174 perArchiepiscopum
1632 2085 1827 2174 suffraganeos
1842 2109 1872 2156 et

476 2204 546 2262 alios
557 2201 670 2277 judices
683 2200 785 2278 (etiam
799 2219 815 2255 a
828 2196 894 2256 sede
910 2195 1079 2273 Apostolica
1091 2195 1250 2273 delegatos)
1264 2204 1383 2273 propter
1396 2197 1605 2254 contumatiam
1618 2197 1665 2254 vel
1678 2196 1815 2254 offensam
1835 2197 1871 2254 ad

475 2303 601 2378 aliquam
614 2299 736 2377 pecunie
749 2297 943 2374 quantitatem
956 2294 993 2353 ad
1007 2294 1173 2353 solvendam
1188 2292 1271 2373 [per]
1286 2293 1555 2353 condemnaoionem
1565 2294 1735 2371 hujusmodi
1747 2297 1871 2372 compel-

476 2402 576 2458 lantur
597 2399 657 2458 sive
681 2396 759 2474 quod
780 2393 1025 2471 Archicpisccpus
1044 2391 1218 2470 suffraganei
1237 2392 1284 2452 vel
1305 2393 1355 2450 alii
1375 2393 1500 2470 predicti
1521 2407 1694 2470 cognoscant
1715 2393 1750 2452 de
1777 2395 1872 2453 causis

475 2497 616 2556 usurariis
625 2496 672 2555 vel
684 2494 810 2572 puniant
822 2492 971 2550 usurarios
982 2490 1141 2549 secundum
1153 2493 1296 2550 canonica
1309 2493 1452 2552 Instituta
1465 2513 1515 2554 seu
1529 2495 1607 2571 quod
1620 2495 1656 2553 de
1668 2497 1779 2554 usuriis
1788 2497 1871 2554 adul·

475 2599 556 2657 teriia
578 2605 631 2654 aut
648 2595 712 2652 aliis
733 2591 905 2650 criminibus
924 2591 1076 2666 inquirant
1089 2601 1180 2666 prout
1197 2591 1234 2649 ad
1254 2609 1355 2650 eorum
1378 2592 1506 2651 officium
1523 2595 1654 2652 noscitur
1667 2595 1813 2670 pertinere
1836 2595 1873 2654 de

472 2697 541 2770 jure
553 2715 586 2753 ac
599 2691 809 2753 consuetudine
830 2689 1007 2766 supradicta.
1051 2689 1143 2746 Porro
1157 2690 1181 2746 si
1195 2689 1273 2747 inter
1285 2691 1383 2748 virum
1396 2701 1427 2750 et
1439 2709 1562 2750 uxorem
1572 2711 1624 2768 per
1637 2692 1872 2750 Ecclesiasticum

476 2795 612 2853 Judicam
635 2792 779 2851 celebrato
800 2789 928 2848 divorcio
949 2809 1045 2848 coram
1066 2809 1099 2849 eo
1121 2809 1209 2866 super
1222 2791 1289 2849 dote
1310 2791 1492 2850 restituenda
1512 2793 1692 2868 questionem
1713 2793 1784 2850 oriri
1804 2814 1872 2852 cou-

476 2893 571 2969 tingat
592 2890 717 2968 predicti
731 2889 896 2948 Justiciarii
915 2897 944 2947 61
961 2887 1069 2946 Ballivi
1092 2909 1129 2948 116
1150 2890 1247 2948 dictus
1269 2892 1288 2948 J
1290 2891 1369 2950 udex
1391 2892 1488 2950 virum
1502 2892 1538 2950 ad
1551 2893 1761 2950 restituendam
1774 2893 1872 2952 dotem

474 2990 592 3048 mulieri
605 2988 757 3064 compellat
770 2986 927 3064 prohibent
944 3007 996 3064 per
1011 3007 1062 3046 sue
1082 2989 1202 3046 libitum
1216 2990 1376 3049 voluntatis
1392 3009 1558 3066 quanquam
1579 3009 1732 3049 causarum
1745 2994 1873 3068 cognitio

476 3088 645 3165 hujusmodi
658 3087 695 3145 ad
707 3086 942 3146 Ecclesiasticum
958 3087 1093 3145 iudicem
1113 3090 1259 3164 pertinere
1279 3099 1418 3146 noscatur
1432 3098 1491 3146 tam
1512 3090 1549 3147 de
1570 3089 1739 3166 hujusmodi
1753 3110 1872 3150 consue·

476 3191 578 3248 tudine
591 3207 678 3265 quam
694 3185 730 3244 de
739 3185 818 3260 jure.
858 3184 995 3243 Preterea
1018 3185 1043 3242 si
1063 3184 1154 3260 aliqui
1176 3186 1252 3242 cives
1269 3185 1316 3243 vel
1334 3185 1494 3262 burgenses
1515 3187 1546 3244 in
1569 3187 1666 3262 aliqua
1679 3187 1806 3246 Civitate
1825 3190 1872 3246 vel

476 3293 576 3367 Burgo
595 3290 721 3365 aliquam
743 3287 862 3345 domum
883 3286 930 3345 vel
951 3286 1076 3344 fundum
1097 3299 1150 3345 aut
1171 3286 1306 3363 predium
1327 3288 1474 3344 urbanum
1495 3287 1533 3344 ad
1551 3306 1598 3345 eos
1619 3288 1795 3364 pertinentia
1815 3308 1873 3365 que

476 3389 624 3468 Burgagia
636 3387 798 3465 vulgariter
810 3385 996 3462 appellantur
1016 3387 1104 3445 alicui
1117 3388 1245 3446 Ecclesia
1268 3387 1328 3445 sive
1341 3387 1486 3464 Religioao
1503 3385 1581 3446 Loco
1594 3386 1625 3443 in
1643 3386 1749 3444 ultima
1767 3387 1872 3444 volun·

476 3501 537 3547 tate
560 3489 658 3566 legant
679 3486 796 3563 pietatis
821 3487 946 3543 obtentu
972 3485 1077 3561 prefati
1102 3486 1265 3544 Justiciarii
1292 3505 1324 3543 ac
1344 3485 1451 3543 Ballivi
1477 3504 1513 3544 ne
1535 3484 1630 3560 judex
1654 3484 1872 3543 Ecclesiasticus

479 3599 649 3648 executores
673 3595 914 3645 testamentorum
930 3587 1046 3644 Civium
1065 3595 1094 3644 61
1108 3587 1305 3664 Burgensium
1325 3586 1483 3645 eorundem
1503 3586 1541 3643 ad
1563 3584 1762 3660 exequendam
1773 3585 1806 3642 in
1819 3584 1873 3641 hac

477 3697 560 3765 parte
577 3687 759 3745 voluntatem
777 3695 937 3744 extremam
950 3696 1124 3744 testatorum
1138 3689 1269 3764 ipsorum
1292 3687 1445 3763 compellat
1464 3686 1567 3762 (prout
1581 3686 1616 3742 de
1628 3685 1741 3762 prefata
1753 3704 1873 3743 consue-

476 3786 579 3845 tudine
598 3796 642 3844 est
661 3785 829 3862 obtentum)
839 3787 1004 3864 impediunt
1017 3788 1114 3844 minus
1124 3787 1213 3863 juste.
1255 3789 1392 3846 Ceterum
1406 3785 1431 3843 si
1443 3784 1534 3861 aliqui
1544 3785 1629 3842 Laici
1642 3785 1777 3860 adempta·
1790 3783 1873 3844 oete

475 3887 540 3965 (qui
551 3887 665 3964 Bcuqii
686 3885 836 3963 1119111161
859 3886 1051 3964 afflabatur)
1069 3889 1166 3965 aliqua
1189 3888 1325 3947 debonis
1347 3887 1407 3945 suis
1428 3885 1564 3944 Ecclesiis
1581 3886 1628 3943 vel
1649 3884 1800 3962 Religiosis
1820 3892 1874 3940 aut

475 3987 532 4064 piis
551 3986 623 4044 locis
643 3984 741 4062 legant
763 3985 882 4062 pietatis
902 3986 1017 4044 intuitu
1038 3987 1069 4044 in
1082 3987 1188 4044 ultima
1209 3987 1362 4045 voluntate
1381 3983 1518 4061 sepedicti
1539 3983 1703 4042 Justioiarii
1722 3991 1753 4040 et
1766 3982 1874 4040 Balliri

476 4084 641 4162 impediunt
649 4101 687 4142 nc
694 4101 746 4160 per
755 4084 832 4159 ipsos
842 4084 1103 4162 Archicpisccpum
1119 4084 1314 4164 suffraganeos
1324 4093 1354 4142 et
1364 4083 1478 4160 judices
1491 4083 1569 4140 sicut
1581 4081 1617 4141 de
1629 4082 1741 4159 prefata
1754 4099 1874 4140 consue·

477 4185 580 4242 tudine
600 4184 756 4242 obtentum
778 4191 823 4240 est
841 4183 873 4240 in
893 4182 947 4242 hec
965 4184 1101 4242 voluntas
1116 4185 1262 4243 testatoris
1279 4183 1448 4243 execucioni
1468 4182 1630 4250 mandetur,
1655 4180 1690 4238 ad
1703 4178 1757 4239 hec
1769 4181 1795 4238 si
1807 4199 1872 4257 pre·

477 4285 555 4340 fatris
569 4282 632 4339 Rex
647 4290 678 4338 et
691 4278 806 4337 Nobilis
819 4279 906 4338 dictis
919 4279 1146 4358 Archicpisoopo
1166 4279 1355 4357 suffraganeis
1368 4289 1398 4338 61
1408 4278 1559 4354 judicibus
1578 4277 1730 4336 inhibeant
1747 4277 1872 4336 11611116-

476 4385 538 4439 rius
552 4379 707 4458 procedant
720 4380 752 4436 in
764 4378 862 4455 aliqua
880 4397 966 4437 causa
984 4398 1072 4456 quam
1087 4399 1256 4456 cognoscere
1268 4380 1430 4456 inceperint
1443 4379 1530 4436 iidem
1546 4377 1710 4436 Justiciarii
1723 4385 1753 4435 et
1765 4377 1875 4435 Ballivi

474 4483 552 4558 ipsos
565 4499 618 4558 pro
632 4497 665 4538 eo
678 4476 757 4555 quod
770 4477 806 4536 de
825 4495 912 4536 causa
923 4478 986 4554 ipsa
1005 4478 1178 4554 inceperunt
1199 4495 1368 4554 cognoscere
1382 4477 1469 4534 etiam
1483 4477 1507 4533 si
1520 4474 1689 4551 hujusmodi
1702 4473 1875 4532 inhibicioni

1720 4575 1873 4650 paruerint
