4284 5412
986 651 1034 726 47

315 831 423 875 omnes
446 809 588 877 homines
613 823 646 877 et
667 809 797 877 feminas
819 811 1088 878 verentimbimus
1110 812 1350 900 imperpetuum.
1394 813 1439 879 Et
1459 827 1497 880 ut
1514 811 1574 881 heo
1595 827 1700 880 nostru

316 914 447 982 donacio
468 931 503 984 et
523 918 680 984 oonoessio
703 919 798 984 robur
810 917 964 984 firmitatis
986 919 1126 1007 optinent
1139 919 1371 1007 imperpetuum
1384 939 1559 1007 presentem
1582 935 1700 986 certem

314 1019 488 1108 sigillorum
513 1035 689 1088 nostrorum
712 1023 913 1111 impressione
931 1024 1063 1090 firmiter
1088 1025 1309 1092 roboravimus.
1353 1023 1426 1090 Hiis
1443 1025 1700 1090 testibus-Petro

317 1124 497 1192 Hebrshum
512 1140 588 1194 tuno
602 1129 719 1215 majore
734 1126 857 1193 Dublin
873 1165 880 1179 ·
898 1127 1025 1194 Simone
1040 1128 1169 1194 Unnede
1183 1127 1402 1195 etVinoenoio
1418 1129 1609 1196 stemsrio
1624 1147 1699 1196 tuno

318 1232 492 1320 prepositis
506 1233 629 1300 Dublin
645 1271 652 1286 ·
668 1233 803 1301 Riosrdo
817 1233 899 1300 Olof
909 1271 916 1286 ·
931 1231 1056 1323 Rogero
1072 1233 1183 1300 Russel
1199 1271 1206 1286 ·
1222 1233 1296 1300 stis
1309 1234 1406 1301 Burei
1419 1248 1452 1302 et
1465 1235 1572 1301 multis
1585 1235 1663 1302 eliis.

947 1583 1067 1656 XLV.

702 1767 760 1843 Bt
777 1769 802 1858 tt
820 1765 966 1844 soluerit
984 1770 1018 1844 tu
1035 1774 1138 1844 esurus
1155 1771 1309 1862 petoritu

409 1955 549 2021 Nivorsis
572 1969 676 2024 ssnete
698 1957 805 2024 metris
827 1959 955 2027 eoelesie
969 1959 1042 2026 filiis
1063 1959 1105 2028 sd
1118 1984 1197 2046 quos
1211 1982 1336 2047 preseru
1359 1958 1510 2046 seriptum
1524 1963 1701 2048 pervenerit

430 2059 590 2148 Meylerus
610 2062 649 2128 de
665 2062 789 2128 Cursun
811 2064 942 2132 saluum
961 2080 1099 2132 eternum
1122 2066 1157 2132 in
1180 2065 1328 2132 Domino.
1372 2064 1505 2132 Noverit
1518 2066 1702 2133 universitas

316 2181 416 2232 vestra
438 2189 489 2232 me
504 2165 627 2253 pietatis
642 2167 749 2234 divine
768 2168 887 2235 intuitu
901 2183 934 2237 et
947 2195 1004 2259 pro
1018 2172 1117 2238 solute
1136 2171 1239 2238 snime
1254 2195 1324 2238 mee
1338 2183 1371 2238 et
1385 2170 1493 2237 uxoris
1506 2195 1575 2238 mee
1590 2185 1622 2238 et
1636 2197 1701 2238 om·

312 2270 403 2336 nium
417 2283 644 2336 antecessorum
665 2295 806 2338 meorum
822 2273 892 2340 Deo
914 2289 946 2341 et
959 2275 1088 2343 ecclesie
1104 2275 1257 2342 Omnium
1273 2276 1459 2343 Sanctorum
1469 2275 1566 2360 juxte
1579 2277 1702 2344 Dublin

313 2390 347 2442 et
359 2375 517 2442 eunoniois
530 2376 649 2442 ibidem
664 2376 734 2444 Deo
748 2378 954 2450 servientibus
970 2418 977 2432 ·
992 2378 1027 2446 in
1043 2403 1154 2468 purum
1172 2394 1205 2446 et
1219 2393 1402 2468 perpetuum
1416 2378 1617 2446 elemosinsm
1631 2381 1701 2448 red·

312 2483 417 2550 ditum
431 2481 565 2548 duorum
579 2481 748 2548 solidorum
759 2481 879 2549 dedisse
894 2482 1164 2572 percipiendorum
1179 2483 1219 2552 de
1233 2483 1383 2571 Philippo
1397 2481 1528 2571 Nugent
1541 2483 1656 2570 pistore
1670 2497 1703 2550 et

311 2593 480 2661 heredibus
491 2592 554 2658 suis
569 2591 609 2658 de
623 2605 802 2658 tenemento
816 2615 886 2658 meo
900 2592 984 2678 quod
998 2592 1038 2658 de
1052 2616 1103 2658 me
1115 2603 1150 2658 et
1162 2590 1331 2658 heredibus
1345 2589 1430 2661 ¹meis
1445 2602 1530 2656 tenet
1543 2590 1703 2678 predictus

311 2697 481 2786 Philippus
495 2711 528 2764 et
541 2696 670 2764 heredes
684 2695 733 2762 sui
747 2696 782 2762 in
800 2721 915 2786 magno
930 2695 1001 2762 vieo
1019 2709 1110 2763 extre
1128 2719 1242 2761 novem
1257 2708 1378 2784 portum
1393 2694 1516 2764 Dublin
1532 2731 1538 2748 ·
1554 2695 1703 2762 videlieet

309 2801 354 2870 de
364 2817 447 2868 terre
460 2800 514 2867 ille
524 2800 669 2890 proxime
683 2824 726 2868 ex
736 2813 823 2888 purte
838 2798 1023 2866 oecidentsii
1037 2797 1143 2864 viculo
1154 2797 1210 2884 qui
1221 2797 1322 2864 tendit
1332 2797 1372 2864 de
1386 2821 1501 2886 magno
1517 2798 1588 2864 vieo
1602 2821 1701 2884 usque

310 2908 355 2974 sd
369 2907 476 2974 vioum
489 2907 658 2996 figulorum
681 2909 721 2976 eb
735 2907 878 2997 opposito
900 2906 1029 2974 ecclesie
1046 2906 1153 2973 Senoti
1168 2906 1292 2972 Thome
1306 2930 1368 2992 que
1391 2921 1473 2972 terre
1486 2905 1548 2972 fuit
1561 2906 1601 2973 de
1616 2919 1701 2972 tene·
1793 2903 1797 2912 ’

309 3025 420 3076 mento
435 3011 508 3078 Ado
522 3009 553 3076 le
570 3010 715 3077 Sevener.
1637 3059 1642 3072 .

357 3117 402 3182 Et
424 3129 461 3182 ut
483 3116 542 3182 heo
564 3139 634 3182 mes
657 3114 787 3182 donnoio
807 3113 1039 3203 imperpetuum
1064 3116 1159 3180 robur
1182 3113 1322 3201 optineat
1347 3114 1502 3182 firmitatis
1524 3129 1700 3204 presentem

308 3220 462 3310 peginam
478 3219 572 3308 sigilli
586 3219 649 3286 mei
664 3217 864 3307 impressione
878 3218 1030 3284 roboravi.
1076 3219 1149 3284 Hiis
1164 3219 1293 3288 testibus
1310 3258 1316 3271 ·
1332 3220 1470 3287 Roberto
1485 3223 1611 3288 Pollerd
1626 3235 1702 3288 tuno

308 3325 432 3412 majore
451 3322 574 3390 Dublin
587 3361 593 3374 ·
607 3323 645 3388 R.
661 3322 779 3389 deeuno
800 3321 907 3388 Senoti
925 3321 1054 3387 Petrioii
1070 3360 1077 3373 ·
1093 3322 1133 3388 G.
1150 3321 1190 3388 de
1209 3322 1354 3388 Turvills
1373 3323 1590 3390 archidiacono
1609 3326 1700 3391 Dub-

308 3427 360 3494 lin
376 3468 382 3480 ·
399 3429 548 3520 magistro
563 3428 688 3494 Thomu
705 3427 744 3494 de
760 3427 898 3494 Orsvills
915 3427 1099 3494 cancellario
1115 3427 1222 3494 Ssnoti
1237 3427 1365 3494 Potricii
1380 3428 1502 3494 Dublin
1518 3467 1525 3480 ·
1542 3429 1700 3512 Eduardo

311 3532 355 3598 de
369 3533 513 3601 Pelmero
530 3571 535 3585 ·
552 3533 714 3598 Willelmo
729 3531 759 3598 le
773 3531 834 3597 Bos
847 3546 881 3598 et
894 3530 1001 3597 multis
1016 3530 1093 3597 eliis.

939 3843 1080 3915 XLVI.

839 4027 884 4101 su
900 4030 1003 4100 suoru
1020 4029 1173 4119 petoritu

410 4217 550 4283 Niversis
565 4217 683 4284 Christi
697 4217 842 4284 fidelibus
856 4239 980 4304 presens
1002 4216 1151 4305 scriptum
1171 4214 1283 4280 visuris
1301 4214 1353 4280 vel
1375 4213 1527 4280 audituris
1542 4214 1699 4304 Murgeriu

432 4337 465 4390 et
479 4323 612 4390 Mutildn
625 4323 690 4390 filie
706 4322 833 4390 Rioerdi
848 4323 908 4391 Col
926 4323 1057 4391 sulutem
1079 4323 1114 4388 in
1129 4322 1276 4388 Domino.
1321 4321 1478 4388 Noveritis
1500 4344 1557 4386 nos
1572 4321 1700 4388 donasse

316 4428 481 4496 remissius
496 4441 528 4494 et
542 4429 684 4515 quietum
703 4427 849 4496 elsmssse
863 4427 965 4494 Priori
980 4441 1012 4494 et
1025 4427 1194 4494 conventui
1210 4427 1363 4494 Omnium
1379 4427 1564 4494 Sanctorum
1577 4427 1700 4494 Dublin

1663 4558 1698 4599 m
