4306 5414
1139 671 1205 721 100

1113 923 1224 998 XIV.

473 1111 545 1212 [mr
563 1112 616 1186 ltu
633 1130 727 1204 supet
744 1109 870 1184 tuleris
888 1109 1058 1184 Omnium
1075 1108 1278 1194 &saturata
1295 1111 1375 1184 [nor
1392 1111 1505 1202 epta.
1524 1113 1613 1203 ttae.
1633 1124 1662 1184 rt
1678 1109 1843 1208 archiep]

928 1226 1036 1304 filant
1052 1230 1184 1319 tssrntst.
1212 1229 1265 1303 tal.
1291 1235 1370 1303 118.
1386 1235 1416 1303 t.

584 1433 646 1498 Dei
661 1433 761 1520 gratia
775 1431 856 1520 Lug.
873 1429 1014 1497 Ecclesia
1028 1430 1205 1520 Episcopus
1214 1432 1377 1500 Universis
1392 1446 1497 1499 sancte
1512 1432 1619 1498 matris
1634 1431 1777 1498 Ecclesie
1791 1431 1864 1496 filiis

558 1573 577 1613 0
605 1539 645 1603 ad
660 1563 737 1624 quos
756 1561 881 1626 presens
896 1553 981 1602 carta
995 1538 1173 1625 pervenerit
1187 1551 1326 1604 eternam
1340 1539 1375 1604 in
1391 1538 1530 1603 Domino
1546 1537 1688 1603 salutem.
1731 1537 1865 1604 Noverit

468 1647 652 1712 universitas
675 1659 777 1710 vestra
799 1644 865 1710 Nos
888 1645 1084 1710 renunciasse
1099 1645 1149 1711 liti
1164 1660 1197 1712 et
1210 1647 1419 1712 controversie
1435 1670 1497 1731 que
1511 1646 1692 1712 vertebatur
1710 1645 1863 1711 internos

469 1766 501 1818 et
517 1754 548 1818 d.
566 1751 682 1816 Duvel.
698 1749 984 1838 Archiepiscopum
1006 1773 1099 1836 super
1117 1749 1259 1817 Ecclesia
1277 1751 1432 1816 Omnium
1456 1751 1642 1817 Sanctorum
1662 1763 1754 1816 extra
1777 1751 1861 1816 Duv.

467 1872 499 1924 et
514 1881 640 1922 omnem
655 1854 865 1943 calumpniam
880 1875 975 1939 quam
989 1851 1158 1918 habuimus
1178 1853 1325 1920 adversus
1340 1879 1414 1920 eum
1429 1879 1521 1943 super
1535 1855 1645 1921 eadem
1659 1855 1790 1922 ecclesia
1803 1856 1862 1920 im-

466 1980 653 2053 perpetuum
668 1964 807 2050 quietam
821 1961 978 2029 clamasse.
1022 1961 1072 2026 Ita
1086 1975 1192 2026 tamen
1211 1962 1297 2048 quod
1311 1962 1378 2027 Nos
1399 1962 1521 2050 integre
1541 1975 1574 2027 et
1593 1961 1698 2048 quiete
1718 1976 1751 2028 et
1764 1962 1861 2028 libem

467 2088 532 2140 tote
543 2074 609 2139 vita
623 2087 728 2138 nostra
742 2071 954 2160 possideamus
969 2081 1001 2134 et
1015 2082 1176 2134 teneamus
1191 2069 1230 2135 de
1246 2069 1399 2158 prelibato
1409 2071 1432 2135 J
1434 2123 1439 2134 .
1447 2068 1816 2157 Duvel.Archiepiscopo
1831 2083 1864 2134 et

466 2179 659 2246 deecclesia
684 2179 797 2245 Sancte
819 2174 984 2240 Trinitatis
1006 2175 1180 2262 predictam
1206 2174 1369 2242 ecclesiam
1399 2175 1553 2240 Omnium
1580 2173 1766 2240 Sanctorum
1789 2199 1862 2240 cum

466 2287 610 2353 omnibus
624 2285 825 2374 pertinenciis
840 2285 903 2350 suis
920 2322 926 2335 ·
943 2297 975 2349 et
988 2297 1025 2348 ut
1039 2283 1098 2350 hec
1113 2285 1285 2350 convencio
1300 2283 1445 2351 firmasit
1460 2296 1493 2349 et
1506 2282 1640 2348 valitura
1655 2282 1862 2370 imposterum

465 2393 530 2458 Nos
545 2418 613 2458 eam
628 2392 777 2481 presentis
789 2405 873 2458 carte
883 2390 1063 2457 testimonio
1079 2403 1111 2456 et
1125 2390 1221 2479 sigilli
1232 2393 1331 2458 nostri
1346 2391 1529 2458 auctoritate
1544 2391 1772 2458 confirmamus.
1788 2391 1862 2456 Hiis

468 2501 616 2566 Testibus
630 2513 689 2565 etc.

1114 2685 1203 2758 XV.

680 2877 752 2977 [Dr
769 2874 891 2951 insule
909 2869 979 2959 θοή.
999 2867 1219 2970 iultsutts]
1257 2871 1318 2948 al.
1336 2873 1422 2962 ttae.
1441 2872 1497 2945 tel.
1520 2895 1598 2968 159.
1614 2876 1645 2944 t.

562 3061 702 3127 Niversis
721 3073 825 3126 sancte
844 3057 952 3123 matris
971 3054 1113 3123 Ecclesia
1133 3053 1205 3121 filiis
1226 3055 1265 3122 ed
1281 3079 1359 3141 quos
1374 3077 1498 3143 presens
1517 3054 1667 3143 scriptum
1683 3055 1861 3143 pervenerit

584 3168 627 3234 H.
643 3167 706 3234 Dei
720 3165 822 3255 gratia
836 3161 959 3229 Dublin
968 3161 1234 3251 Archiepiscopus
1250 3163 1400 3227 Eternam
1415 3161 1449 3225 in
1461 3161 1599 3226 Domino
1613 3161 1754 3228 salutem.
1778 3163 1859 3228 ‘Pas-

464 3279 568 3345 toralis
583 3275 678 3342 officii
693 3297 757 3340 esse
772 3271 944 3338 dinoscitur
959 3285 1095 3335 errantes
1109 3270 1143 3334 in
1158 3270 1242 3335 viam
1258 3268 1364 3334 salutis
1378 3268 1526 3334 reducere
1542 3283 1575 3334 et
1587 3268 1622 3333 in
1637 3269 1690 3335 via
1700 3270 1763 3338 Dei
1778 3271 1858 3336 scin-

464 3408 532 3450 oere
555 3380 734 3446 incedentes
755 3374 967 3464 spiritualibus
990 3373 1117 3438 monitis
1141 3386 1173 3439 et
1194 3372 1418 3460 temporalibus
1440 3373 1590 3438 auxiliis·
1610 3387 1648 3439 ut
1665 3398 1698 3442 se
1718 3377 1758 3442 ad
1772 3391 1858 3442 ante-

463 3489 545 3553 riora
565 3486 686 3552 facilius
705 3481 881 3549 extendant
897 3518 903 3530 ·
920 3478 1069 3544 attentius
1091 3476 1256 3544 confovere
1277 3514 1284 3527 ·
1306 3475 1355 3542 Ea
1369 3476 1409 3542 de
1423 3501 1457 3542 re
1471 3493 1694 3565 cognoscentes
1708 3482 1858 3567 quosdam

464 3593 503 3658 de
522 3591 687 3680 Religione
709 3589 743 3653 in
760 3600 865 3653 nostra
885 3585 1013 3651 Diocesi
1033 3609 1097 3650 non
1118 3584 1191 3650 satis
1212 3584 1334 3673 integre
1353 3607 1440 3649 suam
1460 3584 1615 3673 complere
1637 3588 1859 3674 professionem

464 3696 545 3762 sedis
560 3695 727 3783 apostolice
742 3719 835 3782 super
849 3694 909 3759 hac
923 3717 956 3758 re
971 3706 1154 3780 preceptum
1168 3692 1342 3780 recepimus
1357 3704 1394 3756 ut
1407 3691 1555 3766 videlicet
1576 3694 1741 3762 canonicos
1756 3697 1859 3762 minus

465 3802 622 3867 ordinatos
643 3813 676 3866 et
701 3801 853 3888 dispersos
875 3799 915 3864 ad
933 3799 1027 3864 unius
1053 3798 1139 3864 domi
1162 3811 1195 3863 et
1216 3797 1327 3886 prelati
1352 3797 1527 3886 regularem
1556 3800 1774 3868 reduceremus
1796 3803 1859 3868 dis-

464 3907 664 3974 trinctionem
681 3945 688 3959 ·
703 3907 920 3974 confirmantes
944 3905 1073 3973 ecclesie
1098 3907 1251 3972 Omnium
1277 3905 1462 3973 Sanctorum
1481 3907 1578 3992 juxta
1591 3906 1715 3975 Dublin
1736 3923 1769 3975 et
1787 3911 1858 3976 Pri-

464 4017 570 4082 oribus
591 4016 823 4103 imperpetuum
837 4013 871 4077 in
885 4014 995 4080 eadem
1011 4014 1140 4080 ecclesis
1157 4015 1340 4080 successuris
1355 4014 1494 4082 Insulam
1511 4015 1618 4081 Sancti
1635 4015 1804 4083 Salvatoris
1818 4019 1859 4085 de

465 4121 675 4209 Glindelaghe
699 4144 773 4186 cum
799 4120 943 4187 omnibus
968 4121 1212 4209 possessionibus
1236 4135 1269 4188 et
1293 4122 1494 4210 pertinenciis
1518 4123 1557 4190 ed
1581 4124 1698 4190 dictam
1718 4126 1857 4194 Insulam

463 4224 692 4314 pertinentibus
714 4237 747 4289 et
768 4247 805 4288 ea
822 4223 906 4288 dicte
924 4223 1053 4290 ecclesie
1069 4225 1223 4290 Omnium
1244 4225 1429 4292 Sanctorum
1444 4227 1589 4292 Priorum
1608 4228 1743 4317 regulari
1758 4232 1856 4321 depu-

464 4348 565 4399 tamus
590 4330 772 4419 subjecioni.
817 4330 868 4395 Ita
890 4345 927 4396 ut
949 4331 1040 4397 Prior
1061 4345 1094 4397 et
1112 4347 1284 4398 conventus
1306 4333 1389 4399 dicte
1408 4334 1514 4400 Insule
1536 4335 1663 4401 monitis
1682 4338 1856 4407 salubribus

464 4443 609 4508 Priorum
628 4441 784 4529 sepedicta
802 4439 931 4506 ecclesie
947 4440 1100 4506 Omnium
1120 4442 1305 4507 Sanctorum
1326 4442 1493 4531 diligenter
1515 4443 1723 4530 respondeant
1736 4457 1768 4511 et
1782 4447 1855 4512 obe-

1768 4551 1855 4618 dient
