4284 5412
1149 609 1196 675 42

483 782 580 836 tatem
594 768 803 858 distringendi
823 767 857 833 in
881 767 1040 856 mesuagio
1060 767 1200 856 predicto
1224 793 1297 834 cum
1321 767 1522 856 pertinenciis
1547 791 1603 856 pro
1618 768 1740 833 duobus
1762 767 1867 834 solidis

485 873 694 962 predictarum
709 885 841 957 quatuor
861 869 1061 935 solidatamm
1076 870 1260 937 durantibus
1274 871 1480 960 quadraginta
1499 871 1587 938 annis
1605 872 1753 960 predictis
1769 910 1776 924 ·
1792 897 1869 960 quo-

486 979 705 1066 cienscumque
720 978 796 1044 dicti
812 978 875 1042 duo
889 977 981 1042 solidi
995 977 1029 1042 in
1046 991 1134 1066 parte
1155 980 1206 1046 vel
1220 979 1255 1046 in
1268 993 1335 1046 toto
1358 1005 1376 1046 a
1397 994 1479 1046 retro
1494 979 1610 1046 suerint
1632 1005 1695 1046 non
1720 980 1813 1046 soluti
1829 980 1869 1045 ad

486 1086 621 1172 aliquem
632 1083 799 1150 terminum
814 1081 1017 1148 terminorum
1032 1081 1243 1170 predictorum
1254 1122 1260 1136 ·
1272 1097 1304 1150 et
1314 1083 1520 1151 districtiones
1531 1108 1635 1150 secum
1650 1083 1826 1150 abducendi
1837 1099 1868 1148 et

486 1197 641 1265 retinendi
655 1219 816 1282 quousque
831 1194 891 1261 sibi
905 1193 945 1260 de
960 1193 1051 1262 dictis
1065 1194 1187 1262 duobus
1198 1193 1307 1260 solidis
1325 1217 1388 1260 una
1407 1217 1480 1260 cum
1503 1192 1663 1281 arreragiis
1681 1213 1789 1258 eorum
1809 1189 1867 1258 sibi

486 1304 623 1393 plenarie
636 1301 731 1368 suerit
745 1300 943 1368 satisfactum.

550 1409 669 1474 Dentes
692 1407 790 1474 eciam
805 1406 937 1495 predicti
951 1407 1111 1474 Johaunes
1124 1407 1309 1474 Alexander
1326 1419 1362 1474 et
1375 1407 1556 1473 Willelmus
1580 1429 1637 1494 pro
1657 1429 1689 1472 se
1701 1403 1868 1472 heredibus

486 1527 518 1580 et
532 1512 693 1602 assignatis
707 1512 769 1578 suis
783 1512 908 1600 prefatis
923 1511 1025 1577 Priori
1039 1524 1072 1578 et
1086 1511 1255 1578 conventui
1269 1537 1305 1578 ao
1323 1511 1548 1578 successoribus
1570 1523 1604 1578 et
1622 1509 1783 1599 assignetis
1803 1510 1868 1576 auis

486 1619 611 1706 plenam
626 1633 733 1685 tenore
747 1616 942 1704 presencium
956 1628 1139 1704 potestatem
1154 1629 1225 1704 post
1236 1616 1392 1703 predictos
1407 1615 1612 1704 quadraginta
1622 1639 1718 1682 annos
1733 1615 1868 1704 plenarie

486 1725 655 1812 completos
666 1723 871 1811 distringendi
882 1721 916 1786 in
927 1721 1067 1810 predicto
1080 1720 1240 1810 mesuagio
1255 1745 1328 1787 oum
1339 1720 1538 1809 pertinenciis
1549 1758 1555 1774 ·
1566 1745 1623 1809 pro
1634 1719 1784 1808 predictis
1794 1745 1867 1806 qua-

487 1846 559 1898 tuor
581 1829 719 1896 solidatis
741 1828 881 1895 redditus
904 1826 1175 1913 quocienscunque
1194 1825 1296 1891 dictita
1317 1825 1457 1892 redditus
1479 1839 1613 1912 quatuor
1633 1825 1870 1891 solidatamnia

486 1953 569 2004 retro
583 1937 678 2004 fuerit
691 1960 755 2002 non
777 1936 895 2002 solutus
918 1935 958 2002 ad
972 1934 1108 2020 aliquem
1124 1934 1292 1999 terminum
1310 1934 1515 2000 terminorum
1529 1933 1740 2022 predictorum
1762 1945 1795 1999 et
1808 1931 1869 1998 dis·

488 2045 646 2111 trictiones
666 2067 772 2110 secum
793 2041 969 2110 abducendi
984 2053 1017 2108 et
1029 2039 1185 2108 retinendi
1200 2065 1362 2128 quousque
1375 2041 1436 2107 sibi
1451 2041 1491 2108 de
1506 2041 1561 2107 illo
1582 2039 1707 2106 redditu
1721 2063 1785 2104 una
1797 2062 1869 2105 cum

488 2149 648 2239 arreragiis
665 2149 805 2234 ejusdem
819 2147 956 2236 plenarie
970 2147 1065 2214 fuerit
1079 2147 1269 2215 satisfactum
1284 2185 1291 2200 ·
1309 2147 1365 2230 [In
1383 2148 1472 2235 cujus
1485 2148 1531 2214 rei
1546 2146 1758 2214 testimonium
1772 2144 1868 2232 parti]

486 2257 581 2342 hujus
595 2256 760 2322 indenture
774 2279 869 2343 penes
884 2254 983 2320 dictos
998 2255 1139 2321 Priorem
1156 2267 1190 2321 et
1203 2267 1393 2322 conventum
1412 2255 1567 2322 recedenti
1584 2253 1695 2343 prefati
1713 2252 1870 2320 lohannes

487 2361 671 2429 Alexander
684 2375 717 2428 et
730 2361 910 2428 Willelmus
928 2360 1031 2450 sigilla
1048 2385 1103 2428 sua
1123 2375 1340 2450 apposuerunt.
1385 2362 1503 2427 Datum
1517 2361 1551 2426 in
1565 2360 1643 2428 festo
1658 2359 1776 2426 Pmche
1790 2379 1870 2423 anno

487 2467 577 2556 regni
599 2467 681 2555 regis
700 2465 831 2532 Henrici
854 2465 937 2531 sexti
956 2465 1066 2551 quinto
1088 2479 1121 2532 et
1139 2489 1222 2531 anno
1240 2465 1371 2532 Domini
1389 2465 1554 2532 millesimo
1573 2463 1869 2553 quadringintesimo

489 2572 636 2638 vicesimo
651 2571 770 2658 quinto.

1081 2831 1272 2902 XXXIX

956 3015 1014 3091 Dr
1030 3017 1205 3108 summitte
1223 3029 1400 3090 mumma

592 3205 650 3272 EG
666 3205 836 3273 dividenda
850 3217 978 3273 testatim
990 3207 1076 3293 quod
1090 3207 1181 3272 Prior
1194 3220 1227 3272 et
1239 3219 1411 3274 conventus
1430 3205 1558 3273 ecclesie
1573 3205 1725 3272 Omnium
1741 3204 1867 3272 Sancto·

613 3338 683 3380 rum
693 3314 789 3400 juxta
803 3313 925 3382 Dublin
947 3313 1133 3380 remiserunt
1150 3327 1183 3380 et
1200 3313 1420 3380 relaxaverunt
1434 3311 1571 3378 Roberto
1586 3311 1793 3400 Haysbourne
1808 3310 1869 3376 civi

489 3419 610 3485 Dublin
625 3419 730 3486 omnia
744 3419 897 3508 arreragia
909 3457 916 3470 ·
929 3433 1062 3505 quatuor
1075 3419 1223 3486 videlicet
1237 3418 1405 3484 solidorum
1421 3417 1516 3484 annui
1530 3417 1670 3484 redditus
1683 3415 1870 3484 exeuncium

492 3524 531 3590 de
551 3525 687 3610 quodam
706 3536 885 3590 tenemento
903 3522 937 3588 in
956 3524 1103 3612 parochia
1119 3523 1225 3590 Sancti
1239 3523 1384 3590 Nicliolai
1398 3524 1433 3588 in
1447 3523 1518 3592 vico
1540 3525 1595 3611 qui
1610 3525 1724 3592 dicitur
1739 3525 1870 3592 Rochel·

489 3643 564 3694 suet
578 3629 617 3695 de
632 3641 697 3694 toto
712 3628 845 3695 termino
858 3641 1012 3694 trmmacto
1030 3652 1128 3714 usque
1148 3628 1188 3695 ad
1201 3627 1314 3694 festum
1329 3628 1448 3696 Pascha
1467 3653 1549 3696 anno
1564 3629 1694 3696 Domini
1708 3630 1870 3696 millesimo

489 3760 542 3801 ccc
568 3733 715 3802 vicesimo
741 3734 850 3820 quinto
876 3734 1089 3820 quodquidem
1112 3748 1326 3802 tenementum
1350 3735 1490 3802 continet
1505 3736 1541 3800 in
1560 3736 1756 3826 longitudine
1779 3762 1798 3803 a
1819 3737 1870 3801 via

489 3840 576 3928 regia
598 3863 640 3905 ex
662 3852 749 3927 parte
771 3840 898 3906 australi
912 3839 1079 3926 quinquies
1093 3839 1208 3929 viginti
1222 3853 1255 3906 et
1269 3839 1449 3926 quindecim
1463 3841 1559 3928 pedes
1577 3865 1677 3928 usque
1700 3842 1740 3908 ad
1758 3854 1870 3909 terram

490 3947 566 4012 dicti
583 3947 712 4013 Roberti
731 3971 774 4012 ex
788 3959 874 4035 parte
895 3947 1064 4034 aquilonali
1081 3985 1088 4000 ·
1103 3948 1138 4012 in
1152 3947 1318 4015 latitudine
1342 3973 1416 4014 vero
1435 3948 1550 4038 viginti
1564 3963 1597 4015 et
1609 3973 1724 4016 novem
1738 3949 1832 4037 pedes
1854 3972 1872 4013 a

490 4067 571 4119 terra
586 4053 715 4120 Roberti
730 4053 770 4120 de
784 4054 906 4144 Wylby
921 4079 963 4124 ex
977 4069 1064 4145 parte
1084 4055 1227 4124 orientali
1241 4061 1339 4143 iisque
1361 4057 1401 4122 ad
1415 4071 1527 4124 teriam
1544 4057 1650 4125 Sancti
1663 4057 1816 4124 Johannis
1830 4079 1871 4122 ex

490 4157 682 4225 occidentali.

554 4265 604 4332 Ita
617 4265 702 4350 quod
713 4263 846 4352 predicti
858 4265 949 4332 Prior
962 4280 995 4334 et
1008 4282 1182 4335 conventus
1204 4281 1238 4336 et
1258 4293 1445 4337 successores
1467 4271 1515 4337 sui
1525 4271 1566 4338 de
1585 4272 1725 4360 predicto
1737 4273 1873 4341 Roberto

489 4370 656 4438 heredibus
678 4382 711 4437 et
728 4370 889 4458 assignatis
908 4371 971 4438 suis
986 4373 1025 4438 ad
1040 4397 1309 4461 quommcumque
1331 4399 1441 4442 manus
1456 4376 1618 4444 devenerit
1634 4403 1675 4446 ·a
1697 4379 1873 4468 supradicto

1795 4485 1870 4552 sesto
