<?xml version="1.0" encoding="UTF-8"?>
<!DOCTYPE html PUBLIC "-//W3C//DTD XHTML 1.0 Transitional//EN"
    "http://www.w3.org/TR/xhtml1/DTD/xhtml1-transitional.dtd">
<html xmlns="http://www.w3.org/1999/xhtml" xml:lang="en" lang="en">
 <head>
  <title>
</title>
<meta http-equiv="Content-Type" content="text/html;charset=utf-8" />
  <meta name='ocr-system' content='tesseract 3.04.00' />
  <meta name='ocr-capabilities' content='ocr_page ocr_carea ocr_par ocr_line ocrx_word'/>
</head>
<body>
  <div class='ocr_page' id='page_1' title='image "./registrumpriora00librgoog_0132.png"; bbox 0 0 4284 5412; ppageno 0'>
   <div class='ocr_carea' id='block_1_1' title="bbox 976 625 1023 696">
    <p class='ocr_par' dir='ltr' id='par_1_1' title="bbox 976 625 1023 696">
     <span class='ocr_line' id='line_1_1' title="bbox 976 625 1023 696; baseline 0.085 -4"><span class='ocrx_word' id='word_1_1' title='bbox 976 625 1023 696; x_wconf 90' lang='lat'><strong>49</strong></span> 
     </span>
    </p>
   </div>
   <div class='ocr_carea' id='block_1_2' title="bbox 476 871 1504 1130">
    <p class='ocr_par' dir='ltr' id='par_1_2' title="bbox 476 871 1504 1130">
     <span class='ocr_line' id='line_1_2' title="bbox 916 871 1079 949; baseline 0.018 -4"><span class='ocrx_word' id='word_1_2' title='bbox 916 871 1079 949; x_wconf 91' lang='lat' dir='ltr'><strong>XLVII.</strong></span> 
     </span>
     <span class='ocr_line' id='line_1_3' title="bbox 476 1025 1504 1130; baseline 0.016 -30"><span class='ocrx_word' id='word_1_3' title='bbox 476 1025 533 1100; x_wconf 77' lang='lat' dir='ltr'><strong>m</strong></span> <span class='ocrx_word' id='word_1_4' title='bbox 552 1027 576 1118; x_wconf 77' lang='lat' dir='ltr'><strong>tt</strong></span> <span class='ocrx_word' id='word_1_5' title='bbox 594 1025 706 1100; x_wconf 74' lang='lat' dir='ltr'><strong>soluts</strong></span> <span class='ocrx_word' id='word_1_6' title='bbox 725 1026 968 1118; x_wconf 70' lang='lat' dir='ltr'><strong>[anamotus</strong></span> <span class='ocrx_word' id='word_1_7' title='bbox 986 1051 1046 1124; x_wconf 81' lang='lat' dir='ltr'><strong>quo</strong></span> <span class='ocrx_word' id='word_1_8' title='bbox 1066 1035 1128 1108; x_wconf 82' lang='lat' dir='ltr'><strong>ttut</strong></span> <span class='ocrx_word' id='word_1_9' title='bbox 1145 1053 1246 1128; x_wconf 71' lang='lat' dir='ltr'><strong>namu</strong></span> <span class='ocrx_word' id='word_1_10' title='bbox 1261 1036 1504 1130; x_wconf 57' lang='lat' dir='ltr'><strong>natussum.</strong></span> 
     </span>
    </p>
   </div>
   <div class='ocr_carea' id='block_1_3' title="bbox 287 1183 1793 2858">
    <p class='ocr_par' dir='ltr' id='par_1_3' title="bbox 287 1183 1793 2858">
     <span class='ocr_line' id='line_1_4' title="bbox 307 1183 1793 1364; baseline 0.017 -113"><span class='ocrx_word' id='word_1_11' title='bbox 307 1183 538 1364; x_wconf 88' lang='lat' dir='ltr'><strong>UNiversis</strong></span> <span class='ocrx_word' id='word_1_12' title='bbox 564 1191 681 1258; x_wconf 79' lang='lat' dir='ltr'>Christi</span> <span class='ocrx_word' id='word_1_13' title='bbox 703 1191 848 1261; x_wconf 87' lang='lat' dir='ltr'><strong>fidelibus</strong></span> <span class='ocrx_word' id='word_1_14' title='bbox 876 1211 1051 1284; x_wconf 78' lang='lat' dir='ltr'><strong>presentem</strong></span> <span class='ocrx_word' id='word_1_15' title='bbox 1076 1205 1223 1293; x_wconf 85' lang='lat' dir='ltr'><strong>paginam</strong></span> <span class='ocrx_word' id='word_1_16' title='bbox 1251 1205 1437 1294; x_wconf 88' lang='lat' dir='ltr'><strong>inspecturis</strong></span> <span class='ocrx_word' id='word_1_17' title='bbox 1465 1208 1517 1274; x_wconf 88' lang='lat' dir='ltr'><strong>vel</strong></span> <span class='ocrx_word' id='word_1_18' title='bbox 1541 1209 1692 1276; x_wconf 74' lang='lat' dir='ltr'><strong>audituris</strong></span> <span class='ocrx_word' id='word_1_19' title='bbox 1790 1193 1793 1200; x_wconf 33' lang='grc' dir='ltr'>Ι</span> 
     </span>
     <span class='ocr_line' id='line_1_5' title="bbox 409 1296 1691 1393; baseline 0.013 -31"><span class='ocrx_word' id='word_1_20' title='bbox 409 1296 595 1364; x_wconf 79' lang='lat' dir='ltr'><strong>Alexander</strong></span> <span class='ocrx_word' id='word_1_21' title='bbox 609 1299 786 1366; x_wconf 75' lang='lat' dir='ltr'><strong>anachorita</strong></span> <span class='ocrx_word' id='word_1_22' title='bbox 802 1301 910 1368; x_wconf 78' lang='lat' dir='ltr'><strong>Sancti</strong></span> <span class='ocrx_word' id='word_1_23' title='bbox 925 1303 1095 1371; x_wconf 86' lang='lat' dir='ltr'><strong>Clementis</strong></span> <span class='ocrx_word' id='word_1_24' title='bbox 1106 1307 1202 1393; x_wconf 88' lang='lat' dir='ltr'><strong>juxta</strong></span> <span class='ocrx_word' id='word_1_25' title='bbox 1217 1307 1339 1375; x_wconf 90' lang='lat' dir='ltr'><strong>Dublin</strong></span> <span class='ocrx_word' id='word_1_26' title='bbox 1360 1310 1490 1376; x_wconf 87' lang='lat' dir='ltr'><strong>salutem</strong></span> <span class='ocrx_word' id='word_1_27' title='bbox 1505 1323 1643 1378; x_wconf 88' lang='lat' dir='ltr'><strong>eternam</strong></span> <span class='ocrx_word' id='word_1_28' title='bbox 1657 1313 1691 1379; x_wconf 89' lang='lat' dir='ltr'><strong>in</strong></span> 
     </span>
     <span class='ocr_line' id='line_1_6' title="bbox 304 1402 1691 1506; baseline 0.01 -38"><span class='ocrx_word' id='word_1_29' title='bbox 304 1402 449 1470; x_wconf 87' lang='lat' dir='ltr'><strong>Domino.</strong></span> <span class='ocrx_word' id='word_1_30' title='bbox 494 1405 608 1473; x_wconf 87' lang='lat' dir='ltr'><strong>Vestra</strong></span> <span class='ocrx_word' id='word_1_31' title='bbox 621 1405 744 1473; x_wconf 89' lang='lat' dir='ltr'><strong>noverit</strong></span> <span class='ocrx_word' id='word_1_32' title='bbox 757 1407 942 1477; x_wconf 73' lang='lat' dir='ltr'><strong>universitas</strong></span> <span class='ocrx_word' id='word_1_33' title='bbox 955 1435 1006 1478; x_wconf 90' lang='lat' dir='ltr'><strong>me</strong></span> <span class='ocrx_word' id='word_1_34' title='bbox 1020 1413 1130 1480; x_wconf 86' lang='lat' dir='ltr'><strong>divine</strong></span> <span class='ocrx_word' id='word_1_35' title='bbox 1145 1413 1281 1480; x_wconf 87' lang='lat' dir='ltr'><strong>caritatis</strong></span> <span class='ocrx_word' id='word_1_36' title='bbox 1295 1415 1413 1481; x_wconf 90' lang='lat' dir='ltr'><strong>intuitu</strong></span> <span class='ocrx_word' id='word_1_37' title='bbox 1427 1428 1460 1482; x_wconf 88' lang='lat' dir='ltr'><strong>et</strong></span> <span class='ocrx_word' id='word_1_38' title='bbox 1473 1439 1529 1504; x_wconf 92' lang='lat' dir='ltr'><strong>pro</strong></span> <span class='ocrx_word' id='word_1_39' title='bbox 1550 1418 1691 1506; x_wconf 85' lang='lat' dir='ltr'><strong>redemp-</strong></span> 
     </span>
     <span class='ocr_line' id='line_1_7' title="bbox 304 1509 1691 1608; baseline 0.009 -32"><span class='ocrx_word' id='word_1_40' title='bbox 304 1509 391 1578; x_wconf 88' lang='lat' dir='ltr'><strong>cione</strong></span> <span class='ocrx_word' id='word_1_41' title='bbox 405 1524 438 1578; x_wconf 87' lang='lat' dir='ltr'><strong>et</strong></span> <span class='ocrx_word' id='word_1_42' title='bbox 448 1511 546 1578; x_wconf 86' lang='lat' dir='ltr'><strong>salute</strong></span> <span class='ocrx_word' id='word_1_43' title='bbox 561 1511 664 1579; x_wconf 90' lang='lat' dir='ltr'><strong>anime</strong></span> <span class='ocrx_word' id='word_1_44' title='bbox 674 1536 744 1580; x_wconf 84' lang='lat' dir='ltr'><strong>mee</strong></span> <span class='ocrx_word' id='word_1_45' title='bbox 755 1524 788 1580; x_wconf 92' lang='lat' dir='ltr'><strong>et</strong></span> <span class='ocrx_word' id='word_1_46' title='bbox 795 1513 969 1582; x_wconf 88' lang='lat' dir='ltr'><strong>animarum</strong></span> <span class='ocrx_word' id='word_1_47' title='bbox 984 1518 1094 1583; x_wconf 88' lang='lat' dir='ltr'><strong>sororis</strong></span> <span class='ocrx_word' id='word_1_48' title='bbox 1108 1542 1177 1585; x_wconf 88' lang='lat' dir='ltr'><strong>mee</strong></span> <span class='ocrx_word' id='word_1_49' title='bbox 1187 1519 1364 1608; x_wconf 84' lang='lat' dir='ltr'><strong>Margarete</strong></span> <span class='ocrx_word' id='word_1_50' title='bbox 1379 1534 1503 1608; x_wconf 84' lang='lat' dir='ltr'><strong>patrum</strong></span> <span class='ocrx_word' id='word_1_51' title='bbox 1517 1536 1549 1588; x_wconf 89' lang='lat' dir='ltr'><strong>et</strong></span> <span class='ocrx_word' id='word_1_52' title='bbox 1556 1537 1691 1588; x_wconf 87' lang='lat' dir='ltr'><strong>matrum</strong></span> 
     </span>
     <span class='ocr_line' id='line_1_8' title="bbox 304 1620 1690 1714; baseline 0.008 -31"><span class='ocrx_word' id='word_1_53' title='bbox 304 1635 335 1684; x_wconf 87' lang='lat' dir='ltr'><strong>et</strong></span> <span class='ocrx_word' id='word_1_54' title='bbox 348 1620 490 1686; x_wconf 88' lang='lat' dir='ltr'><strong>omnium</strong></span> <span class='ocrx_word' id='word_1_55' title='bbox 500 1621 731 1688; x_wconf 84' lang='lat' dir='ltr'><strong>benefactomm</strong></span> <span class='ocrx_word' id='word_1_56' title='bbox 746 1635 922 1688; x_wconf 86' lang='lat' dir='ltr'><strong>nostrorum</strong></span> <span class='ocrx_word' id='word_1_57' title='bbox 936 1648 1059 1690; x_wconf 89' lang='lat' dir='ltr'><strong>necnon</strong></span> <span class='ocrx_word' id='word_1_58' title='bbox 1073 1639 1106 1692; x_wconf 91' lang='lat' dir='ltr'><strong>et</strong></span> <span class='ocrx_word' id='word_1_59' title='bbox 1115 1639 1280 1714; x_wconf 88' lang='lat' dir='ltr'><strong>parentum</strong></span> <span class='ocrx_word' id='word_1_60' title='bbox 1294 1639 1471 1693; x_wconf 88' lang='lat' dir='ltr'><strong>nostrorum</strong></span> <span class='ocrx_word' id='word_1_61' title='bbox 1495 1639 1528 1695; x_wconf 91' lang='lat' dir='ltr'><strong>et</strong></span> <span class='ocrx_word' id='word_1_62' title='bbox 1549 1629 1690 1694; x_wconf 93' lang='lat' dir='ltr'><strong>omnium</strong></span> 
     </span>
     <span class='ocr_line' id='line_1_9' title="bbox 304 1725 1689 1803; baseline 0.009 -13"><span class='ocrx_word' id='word_1_63' title='bbox 304 1725 443 1793; x_wconf 88' lang='lat' dir='ltr'><strong>fidelium</strong></span> <span class='ocrx_word' id='word_1_64' title='bbox 463 1728 680 1794; x_wconf 88' lang='lat' dir='ltr'><strong>defunctorum</strong></span> <span class='ocrx_word' id='word_1_65' title='bbox 700 1729 821 1796; x_wconf 78' lang='lat' dir='ltr'><strong>dedisse</strong></span> <span class='ocrx_word' id='word_1_66' title='bbox 840 1730 943 1796; x_wconf 88' lang='lat' dir='ltr'><strong>Priori</strong></span> <span class='ocrx_word' id='word_1_67' title='bbox 963 1731 1116 1798; x_wconf 89' lang='lat' dir='ltr'><strong>Omnium</strong></span> <span class='ocrx_word' id='word_1_68' title='bbox 1132 1731 1318 1798; x_wconf 89' lang='lat' dir='ltr'><strong>Sanctorum</strong></span> <span class='ocrx_word' id='word_1_69' title='bbox 1340 1745 1373 1800; x_wconf 91' lang='lat' dir='ltr'><strong>et</strong></span> <span class='ocrx_word' id='word_1_70' title='bbox 1395 1735 1553 1800; x_wconf 90' lang='lat' dir='ltr'><strong>canonicis</strong></span> <span class='ocrx_word' id='word_1_71' title='bbox 1570 1735 1689 1803; x_wconf 90' lang='lat' dir='ltr'><strong>ibidem</strong></span> 
     </span>
     <span class='ocr_line' id='line_1_10' title="bbox 306 1834 1691 1928; baseline 0.003 -26"><span class='ocrx_word' id='word_1_72' title='bbox 306 1834 372 1902; x_wconf 89' lang='lat' dir='ltr'><strong>Deo</strong></span> <span class='ocrx_word' id='word_1_73' title='bbox 401 1835 608 1901; x_wconf 85' lang='lat' dir='ltr'><strong>servientibus</strong></span> <span class='ocrx_word' id='word_1_74' title='bbox 627 1836 705 1902; x_wconf 86' lang='lat' dir='ltr'><strong>duos</strong></span> <span class='ocrx_word' id='word_1_75' title='bbox 731 1836 843 1903; x_wconf 85' lang='lat' dir='ltr'><strong>solidos</strong></span> <span class='ocrx_word' id='word_1_76' title='bbox 868 1839 1008 1904; x_wconf 90' lang='lat' dir='ltr'><strong>redditus</strong></span> <span class='ocrx_word' id='word_1_77' title='bbox 1027 1839 1061 1904; x_wconf 91' lang='lat' dir='ltr'><strong>in</strong></span> <span class='ocrx_word' id='word_1_78' title='bbox 1089 1862 1200 1928; x_wconf 87' lang='lat' dir='ltr'><strong>puram</strong></span> <span class='ocrx_word' id='word_1_79' title='bbox 1222 1851 1256 1905; x_wconf 90' lang='lat' dir='ltr'><strong>et</strong></span> <span class='ocrx_word' id='word_1_80' title='bbox 1279 1853 1462 1928; x_wconf 90' lang='lat' dir='ltr'><strong>perpetuam</strong></span> <span class='ocrx_word' id='word_1_81' title='bbox 1491 1840 1691 1906; x_wconf 79' lang='lat' dir='ltr'><strong>elemosinam</strong></span> 
     </span>
     <span class='ocr_line' id='line_1_11' title="bbox 305 1943 1690 2035; baseline 0.003 -27"><span class='ocrx_word' id='word_1_82' title='bbox 305 1943 463 2008; x_wconf 87' lang='lat' dir='ltr'><strong>annuatim</strong></span> <span class='ocrx_word' id='word_1_83' title='bbox 478 1943 693 2032; x_wconf 87' lang='lat' dir='ltr'><strong>percipiendos</strong></span> <span class='ocrx_word' id='word_1_84' title='bbox 709 1983 716 1996; x_wconf 91' lang='lat'><strong>·</strong></span> <span class='ocrx_word' id='word_1_85' title='bbox 731 1945 766 2010; x_wconf 93' lang='lat' dir='ltr'><strong>in</strong></span> <span class='ocrx_word' id='word_1_86' title='bbox 785 1969 900 2034; x_wconf 87' lang='lat' dir='ltr'><strong>magno</strong></span> <span class='ocrx_word' id='word_1_87' title='bbox 922 1947 993 2012; x_wconf 88' lang='lat' dir='ltr'><strong>vico</strong></span> <span class='ocrx_word' id='word_1_88' title='bbox 1017 1947 1071 2033; x_wconf 91' lang='lat' dir='ltr'><strong>qui</strong></span> <span class='ocrx_word' id='word_1_89' title='bbox 1086 1947 1188 2013; x_wconf 89' lang='lat' dir='ltr'><strong>tendit</strong></span> <span class='ocrx_word' id='word_1_90' title='bbox 1207 1971 1313 2014; x_wconf 87' lang='lat' dir='ltr'><strong>versus</strong></span> <span class='ocrx_word' id='word_1_91' title='bbox 1329 1947 1541 2035; x_wconf 85' lang='lat' dir='ltr'><strong>Kylmaynam</strong></span> <span class='ocrx_word' id='word_1_92' title='bbox 1555 1946 1594 2012; x_wconf 90' lang='lat' dir='ltr'><strong>de</strong></span> <span class='ocrx_word' id='word_1_93' title='bbox 1609 1961 1690 2012; x_wconf 82' lang='lat' dir='ltr'><strong>terra</strong></span> 
     </span>
     <span class='ocr_line' id='line_1_12' title="bbox 302 2049 1687 2139; baseline 0.003 -27"><span class='ocrx_word' id='word_1_94' title='bbox 302 2073 360 2134; x_wconf 89' lang='lat' dir='ltr'><strong>que</strong></span> <span class='ocrx_word' id='word_1_95' title='bbox 370 2051 457 2135; x_wconf 91' lang='lat' dir='ltr'><strong>jacet</strong></span> <span class='ocrx_word' id='word_1_96' title='bbox 470 2049 552 2114; x_wconf 88' lang='lat' dir='ltr'><strong>inter</strong></span> <span class='ocrx_word' id='word_1_97' title='bbox 566 2063 679 2114; x_wconf 86' lang='lat' dir='ltr'><strong>terram</strong></span> <span class='ocrx_word' id='word_1_98' title='bbox 688 2049 761 2117; x_wconf 89' lang='lat' dir='ltr'><strong>Ade</strong></span> <span class='ocrx_word' id='word_1_99' title='bbox 775 2049 805 2115; x_wconf 87' lang='lat' dir='ltr'><strong>lc</strong></span> <span class='ocrx_word' id='word_1_100' title='bbox 819 2049 956 2116; x_wconf 87' lang='lat' dir='ltr'><strong>Savener</strong></span> <span class='ocrx_word' id='word_1_101' title='bbox 970 2076 1011 2118; x_wconf 85' lang='lat' dir='ltr'><strong>ex</strong></span> <span class='ocrx_word' id='word_1_102' title='bbox 1027 2077 1090 2118; x_wconf 86' lang='lat' dir='ltr'><strong>una</strong></span> <span class='ocrx_word' id='word_1_103' title='bbox 1103 2065 1191 2139; x_wconf 89' lang='lat' dir='ltr'><strong>parte</strong></span> <span class='ocrx_word' id='word_1_104' title='bbox 1206 2065 1238 2118; x_wconf 91' lang='lat' dir='ltr'><strong>et</strong></span> <span class='ocrx_word' id='word_1_105' title='bbox 1251 2065 1438 2138; x_wconf 87' lang='lat' dir='ltr'><strong>terramque</strong></span> <span class='ocrx_word' id='word_1_106' title='bbox 1455 2051 1547 2138; x_wconf 89' lang='lat' dir='ltr'><strong>[fuit]</strong></span> <span class='ocrx_word' id='word_1_107' title='bbox 1561 2051 1687 2117; x_wconf 88' lang='lat' dir='ltr'><strong>Ricardi</strong></span> 
     </span>
     <span class='ocr_line' id='line_1_13' title="bbox 302 2155 1689 2222; baseline 0 -2"><span class='ocrx_word' id='word_1_108' title='bbox 302 2155 358 2220; x_wconf 90' lang='lat' dir='ltr'><strong>filii</strong></span> <span class='ocrx_word' id='word_1_109' title='bbox 367 2155 498 2222; x_wconf 85' lang='lat' dir='ltr'><strong>Roberti</strong></span> <span class='ocrx_word' id='word_1_110' title='bbox 508 2155 623 2222; x_wconf 82' lang='lat' dir='ltr'><strong>Canuti</strong></span> <span class='ocrx_word' id='word_1_111' title='bbox 635 2179 677 2221; x_wconf 83' lang='lat' dir='ltr'><strong>ex</strong></span> <span class='ocrx_word' id='word_1_112' title='bbox 688 2155 784 2221; x_wconf 85' lang='lat' dir='ltr'><strong>altera</strong></span> <span class='ocrx_word' id='word_1_113' title='bbox 796 2193 802 2207; x_wconf 91' lang='lat'>·</span> <span class='ocrx_word' id='word_1_114' title='bbox 815 2156 935 2222; x_wconf 85' lang='lat' dir='ltr'><strong>scilicet</strong></span> <span class='ocrx_word' id='word_1_115' title='bbox 943 2157 1109 2222; x_wconf 87' lang='lat' dir='ltr'><strong>duodecim</strong></span> <span class='ocrx_word' id='word_1_116' title='bbox 1118 2156 1259 2222; x_wconf 90' lang='lat' dir='ltr'><strong>denarios</strong></span> <span class='ocrx_word' id='word_1_117' title='bbox 1271 2156 1310 2221; x_wconf 86' lang='lat' dir='ltr'><strong>ad</strong></span> <span class='ocrx_word' id='word_1_118' title='bbox 1321 2156 1474 2222; x_wconf 85' lang='lat' dir='ltr'><strong>Pascham</strong></span> <span class='ocrx_word' id='word_1_119' title='bbox 1482 2170 1514 2222; x_wconf 92' lang='lat' dir='ltr'><strong>et</strong></span> <span class='ocrx_word' id='word_1_120' title='bbox 1522 2156 1689 2222; x_wconf 79' lang='lat' dir='ltr'><strong>duodecim</strong></span> 
     </span>
     <span class='ocr_line' id='line_1_14' title="bbox 295 2259 1688 2350; baseline 0.003 -26"><span class='ocrx_word' id='word_1_121' title='bbox 295 2259 441 2326; x_wconf 87' lang='lat' dir='ltr'><strong>denarios</strong></span> <span class='ocrx_word' id='word_1_122' title='bbox 456 2261 495 2327; x_wconf 92' lang='lat' dir='ltr'><strong>ad</strong></span> <span class='ocrx_word' id='word_1_123' title='bbox 508 2262 621 2328; x_wconf 80' lang='lat' dir='ltr'><strong>festum</strong></span> <span class='ocrx_word' id='word_1_124' title='bbox 634 2262 741 2329; x_wconf 88' lang='lat' dir='ltr'><strong>Sancti</strong></span> <span class='ocrx_word' id='word_1_125' title='bbox 753 2262 927 2329; x_wconf 87' lang='lat' dir='ltr'><strong>Michaelis.</strong></span> <span class='ocrx_word' id='word_1_126' title='bbox 965 2263 1009 2329; x_wconf 86' lang='lat' dir='ltr'><strong>Et</strong></span> <span class='ocrx_word' id='word_1_127' title='bbox 1022 2277 1058 2329; x_wconf 93' lang='lat' dir='ltr'><strong>ut</strong></span> <span class='ocrx_word' id='word_1_128' title='bbox 1072 2263 1183 2328; x_wconf 87' lang='lat' dir='ltr'><strong>futuris</strong></span> <span class='ocrx_word' id='word_1_129' title='bbox 1198 2263 1389 2350; x_wconf 86' lang='lat' dir='ltr'><strong>temporibus</strong></span> <span class='ocrx_word' id='word_1_130' title='bbox 1400 2263 1458 2329; x_wconf 91' lang='lat' dir='ltr'><strong>hec</strong></span> <span class='ocrx_word' id='word_1_131' title='bbox 1473 2287 1542 2330; x_wconf 87' lang='lat' dir='ltr'><strong>mea</strong></span> <span class='ocrx_word' id='word_1_132' title='bbox 1557 2264 1688 2330; x_wconf 89' lang='lat' dir='ltr'><strong>donacio</strong></span> 
     </span>
     <span class='ocr_line' id='line_1_15' title="bbox 291 2365 1686 2458; baseline 0.004 -29"><span class='ocrx_word' id='word_1_133' title='bbox 291 2366 393 2432; x_wconf 79' lang='lat' dir='ltr'><strong>robur</strong></span> <span class='ocrx_word' id='word_1_134' title='bbox 403 2365 557 2432; x_wconf 88' lang='lat' dir='ltr'><strong>firmitatis</strong></span> <span class='ocrx_word' id='word_1_135' title='bbox 571 2381 604 2433; x_wconf 88' lang='lat' dir='ltr'><strong>et</strong></span> <span class='ocrx_word' id='word_1_136' title='bbox 614 2369 789 2436; x_wconf 89' lang='lat' dir='ltr'><strong>stabilitatis</strong></span> <span class='ocrx_word' id='word_1_137' title='bbox 804 2370 944 2457; x_wconf 84' lang='lat' dir='ltr'><strong>optineat</strong></span> <span class='ocrx_word' id='word_1_138' title='bbox 957 2371 1093 2458; x_wconf 88' lang='lat' dir='ltr'><strong>presenti</strong></span> <span class='ocrx_word' id='word_1_139' title='bbox 1105 2370 1220 2457; x_wconf 88' lang='lat' dir='ltr'><strong>scripto</strong></span> <span class='ocrx_word' id='word_1_140' title='bbox 1233 2370 1397 2436; x_wconf 89' lang='lat' dir='ltr'><strong>munimen</strong></span> <span class='ocrx_word' id='word_1_141' title='bbox 1408 2369 1502 2458; x_wconf 87' lang='lat' dir='ltr'><strong>sigilli</strong></span> <span class='ocrx_word' id='word_1_142' title='bbox 1512 2370 1575 2436; x_wconf 90' lang='lat' dir='ltr'><strong>mei</strong></span> <span class='ocrx_word' id='word_1_143' title='bbox 1590 2394 1686 2458; x_wconf 88' lang='lat' dir='ltr'><strong>appo-</strong></span> 
     </span>
     <span class='ocr_line' id='line_1_16' title="bbox 290 2473 1685 2542; baseline 0.001 -5"><span class='ocrx_word' id='word_1_144' title='bbox 290 2473 355 2538; x_wconf 80' lang='lat' dir='ltr'><strong>sni.</strong></span> <span class='ocrx_word' id='word_1_145' title='bbox 400 2473 472 2538; x_wconf 89' lang='lat' dir='ltr'><strong>Hiis</strong></span> <span class='ocrx_word' id='word_1_146' title='bbox 491 2475 621 2540; x_wconf 89' lang='lat' dir='ltr'><strong>testibus</strong></span> <span class='ocrx_word' id='word_1_147' title='bbox 638 2475 696 2541; x_wconf 86' lang='lat' dir='ltr'><strong>·R.</strong></span> <span class='ocrx_word' id='word_1_148' title='bbox 713 2475 830 2540; x_wconf 89' lang='lat' dir='ltr'><strong>decano</strong></span> <span class='ocrx_word' id='word_1_149' title='bbox 852 2474 958 2542; x_wconf 84' lang='lat' dir='ltr'><strong>Sancti</strong></span> <span class='ocrx_word' id='word_1_150' title='bbox 976 2475 1105 2542; x_wconf 89' lang='lat' dir='ltr'><strong>Patrioii</strong></span> <span class='ocrx_word' id='word_1_151' title='bbox 1123 2474 1245 2541; x_wconf 88' lang='lat' dir='ltr'><strong>Dublin</strong></span> <span class='ocrx_word' id='word_1_152' title='bbox 1261 2512 1268 2525; x_wconf 93' lang='lat'><strong>·</strong></span> <span class='ocrx_word' id='word_1_153' title='bbox 1285 2474 1325 2539; x_wconf 89' lang='lat' dir='ltr'><strong>G.</strong></span> <span class='ocrx_word' id='word_1_154' title='bbox 1346 2474 1386 2538; x_wconf 92' lang='lat' dir='ltr'><strong>de</strong></span> <span class='ocrx_word' id='word_1_155' title='bbox 1405 2473 1565 2540; x_wconf 87' lang='lat' dir='ltr'><strong>Turbivill</strong></span> <span class='ocrx_word' id='word_1_156' title='bbox 1585 2474 1685 2540; x_wconf 87' lang='lat' dir='ltr'><strong>arohi-</strong></span> 
     </span>
     <span class='ocr_line' id='line_1_17' title="bbox 287 2575 1683 2668; baseline -0.001 -26"><span class='ocrx_word' id='word_1_157' title='bbox 287 2577 428 2645; x_wconf 86' lang='lat' dir='ltr'><strong>diaoano</strong></span> <span class='ocrx_word' id='word_1_158' title='bbox 439 2578 561 2646; x_wconf 89' lang='lat' dir='ltr'><strong>Dublin</strong></span> <span class='ocrx_word' id='word_1_159' title='bbox 574 2617 580 2631; x_wconf 91' lang='lat'>·</span> <span class='ocrx_word' id='word_1_160' title='bbox 593 2579 741 2668; x_wconf 82' lang='lat' dir='ltr'><strong>magistro</strong></span> <span class='ocrx_word' id='word_1_161' title='bbox 750 2579 875 2644; x_wconf 85' lang='lat' dir='ltr'><strong>Thema</strong></span> <span class='ocrx_word' id='word_1_162' title='bbox 889 2579 928 2645; x_wconf 87' lang='lat' dir='ltr'><strong>de</strong></span> <span class='ocrx_word' id='word_1_163' title='bbox 940 2578 1078 2645; x_wconf 69' lang='lat' dir='ltr'><strong>(travilla</strong></span> <span class='ocrx_word' id='word_1_164' title='bbox 1089 2576 1272 2644; x_wconf 88' lang='lat' dir='ltr'><strong>cancellario</strong></span> <span class='ocrx_word' id='word_1_165' title='bbox 1284 2575 1390 2642; x_wconf 91' lang='lat' dir='ltr'><strong>Sancti</strong></span> <span class='ocrx_word' id='word_1_166' title='bbox 1402 2576 1529 2642; x_wconf 90' lang='lat' dir='ltr'><strong>Patrioii</strong></span> <span class='ocrx_word' id='word_1_167' title='bbox 1542 2576 1663 2643; x_wconf 92' lang='lat' dir='ltr'><strong>Dublin</strong></span> <span class='ocrx_word' id='word_1_168' title='bbox 1677 2616 1683 2628; x_wconf 89' lang='lat'><strong>·</strong></span> 
     </span>
     <span class='ocr_line' id='line_1_18' title="bbox 287 2680 1685 2772; baseline -0.004 -21"><span class='ocrx_word' id='word_1_169' title='bbox 287 2683 436 2752; x_wconf 69' lang='lat' dir='ltr'><strong>lieberto</strong></span> <span class='ocrx_word' id='word_1_170' title='bbox 455 2685 581 2751; x_wconf 88' lang='lat' dir='ltr'><strong>Pollard</strong></span> <span class='ocrx_word' id='word_1_171' title='bbox 596 2699 671 2752; x_wconf 90' lang='lat' dir='ltr'><strong>tunc</strong></span> <span class='ocrx_word' id='word_1_172' title='bbox 692 2686 809 2772; x_wconf 88' lang='lat' dir='ltr'><strong>majore</strong></span> <span class='ocrx_word' id='word_1_173' title='bbox 828 2683 950 2752; x_wconf 89' lang='lat' dir='ltr'><strong>Dublin</strong></span> <span class='ocrx_word' id='word_1_174' title='bbox 966 2721 972 2736; x_wconf 91' lang='lat'><strong>·</strong></span> <span class='ocrx_word' id='word_1_175' title='bbox 989 2682 1146 2749; x_wconf 79' lang='lat' dir='ltr'><strong>Eduardo</strong></span> <span class='ocrx_word' id='word_1_176' title='bbox 1165 2680 1308 2748; x_wconf 83' lang='lat' dir='ltr'><strong>Palmero</strong></span> <span class='ocrx_word' id='word_1_177' title='bbox 1325 2718 1331 2734; x_wconf 92' lang='lat'><strong>·</strong></span> <span class='ocrx_word' id='word_1_178' title='bbox 1347 2680 1510 2748; x_wconf 89' lang='lat' dir='ltr'><strong>Willelmo</strong></span> <span class='ocrx_word' id='word_1_179' title='bbox 1532 2681 1562 2747; x_wconf 87' lang='lat' dir='ltr'><strong>le</strong></span> <span class='ocrx_word' id='word_1_180' title='bbox 1582 2682 1685 2748; x_wconf 89' lang='lat' dir='ltr'><strong>Baset</strong></span> 
     </span>
     <span class='ocr_line' id='line_1_19' title="bbox 287 2791 496 2858; baseline 0 -2"><span class='ocrx_word' id='word_1_181' title='bbox 287 2791 406 2858; x_wconf 77' lang='lat' dir='ltr'><strong>multis</strong></span> <span class='ocrx_word' id='word_1_182' title='bbox 420 2791 496 2858; x_wconf 90' lang='lat' dir='ltr'><strong>aliis.</strong></span> 
     </span>
    </p>
   </div>
   <div class='ocr_carea' id='block_1_4' title="bbox 896 3024 1078 3098">
    <p class='ocr_par' dir='ltr' id='par_1_4' title="bbox 896 3024 1078 3098">
     <span class='ocr_line' id='line_1_20' title="bbox 896 3024 1078 3098; baseline -0.005 0"><span class='ocrx_word' id='word_1_183' title='bbox 896 3024 1078 3098; x_wconf 89' lang='lat' dir='ltr'>XLVIII.</span> 
     </span>
    </p>
   </div>
   <div class='ocr_carea' id='block_1_5' title="bbox 618 3183 1356 3288">
    <p class='ocr_par' dir='ltr' id='par_1_5' title="bbox 618 3183 1356 3288">
     <span class='ocr_line' id='line_1_21' title="bbox 618 3183 1356 3288; baseline -0.009 -22"><span class='ocrx_word' id='word_1_184' title='bbox 618 3191 752 3288; x_wconf 60' lang='lat' dir='ltr'><strong>ttlnttta</strong></span> <span class='ocrx_word' id='word_1_185' title='bbox 769 3211 822 3285; x_wconf 79' lang='lat' dir='ltr'><strong>pto</strong></span> <span class='ocrx_word' id='word_1_186' title='bbox 840 3195 939 3264; x_wconf 75' lang='lat' dir='ltr'><strong>rotam</strong></span> <span class='ocrx_word' id='word_1_187' title='bbox 957 3209 1059 3264; x_wconf 80' lang='lat' dir='ltr'><strong>utcu</strong></span> <span class='ocrx_word' id='word_1_188' title='bbox 1077 3191 1195 3281; x_wconf 77' lang='lat' dir='ltr'><strong>untur</strong></span> <span class='ocrx_word' id='word_1_189' title='bbox 1210 3183 1356 3262; x_wconf 72' lang='lat' dir='ltr'><strong>nutus.</strong></span> 
     </span>
    </p>
   </div>
   <div class='ocr_carea' id='block_1_6' title="bbox 284 3341 1680 3660">
    <p class='ocr_par' dir='ltr' id='par_1_6' title="bbox 284 3341 1680 3660">
     <span class='ocr_line' id='line_1_22' title="bbox 376 3341 1680 3444; baseline -0.016 -17"><span class='ocrx_word' id='word_1_190' title='bbox 376 3360 487 3427; x_wconf 88' lang='lat' dir='ltr'><strong>Laoita</strong></span> <span class='ocrx_word' id='word_1_191' title='bbox 500 3383 604 3426; x_wconf 85' lang='lat' dir='ltr'><strong>coram</strong></span> <span class='ocrx_word' id='word_1_192' title='bbox 618 3358 756 3424; x_wconf 87' lang='lat' dir='ltr'><strong>Roberto</strong></span> <span class='ocrx_word' id='word_1_193' title='bbox 771 3356 811 3423; x_wconf 87' lang='lat' dir='ltr'><strong>de</strong></span> <span class='ocrx_word' id='word_1_194' title='bbox 825 3353 1019 3444; x_wconf 87' lang='lat' dir='ltr'><strong>Notingham</strong></span> <span class='ocrx_word' id='word_1_195' title='bbox 1033 3353 1150 3439; x_wconf 88' lang='lat' dir='ltr'><strong>majore</strong></span> <span class='ocrx_word' id='word_1_196' title='bbox 1165 3351 1302 3418; x_wconf 87' lang='lat' dir='ltr'><strong>Roberto</strong></span> <span class='ocrx_word' id='word_1_197' title='bbox 1316 3348 1346 3415; x_wconf 87' lang='lat' dir='ltr'><strong>le</strong></span> <span class='ocrx_word' id='word_1_198' title='bbox 1361 3347 1482 3413; x_wconf 90' lang='lat' dir='ltr'><strong>Woder</strong></span> <span class='ocrx_word' id='word_1_199' title='bbox 1495 3356 1527 3410; x_wconf 90' lang='lat' dir='ltr'><strong>et</strong></span> <span class='ocrx_word' id='word_1_200' title='bbox 1542 3341 1680 3408; x_wconf 87' lang='lat' dir='ltr'><strong>Roberto</strong></span> 
     </span>
     <span class='ocr_line' id='line_1_23' title="bbox 392 3446 1680 3542; baseline -0.016 -11"><span class='ocrx_word' id='word_1_201' title='bbox 392 3466 521 3532; x_wconf 87' lang='lat' dir='ltr'><strong>Meones</strong></span> <span class='ocrx_word' id='word_1_202' title='bbox 535 3463 661 3531; x_wconf 85' lang='lat' dir='ltr'><strong>ballivis</strong></span> <span class='ocrx_word' id='word_1_203' title='bbox 670 3462 792 3530; x_wconf 80' lang='lat' dir='ltr'><strong>Dubhu</strong></span> <span class='ocrx_word' id='word_1_204' title='bbox 807 3462 940 3530; x_wconf 89' lang='lat' dir='ltr'><strong>termino</strong></span> <span class='ocrx_word' id='word_1_205' title='bbox 955 3459 1075 3526; x_wconf 89' lang='lat' dir='ltr'><strong>Natalis</strong></span> <span class='ocrx_word' id='word_1_206' title='bbox 1090 3457 1220 3524; x_wconf 90' lang='lat' dir='ltr'><strong>Domini</strong></span> <span class='ocrx_word' id='word_1_207' title='bbox 1235 3480 1317 3522; x_wconf 88' lang='lat' dir='ltr'><strong>anno</strong></span> <span class='ocrx_word' id='word_1_208' title='bbox 1331 3453 1419 3542; x_wconf 88' lang='lat' dir='ltr'><strong>regni</strong></span> <span class='ocrx_word' id='word_1_209' title='bbox 1434 3449 1515 3540; x_wconf 83' lang='lat' dir='ltr'><strong>regis</strong></span> <span class='ocrx_word' id='word_1_210' title='bbox 1530 3446 1680 3513; x_wconf 80' lang='lat' dir='ltr'><strong>Edwardi</strong></span> 
     </span>
     <span class='ocr_line' id='line_1_24' title="bbox 284 3551 1679 3660; baseline -0.015 -21"><span class='ocrx_word' id='word_1_211' title='bbox 284 3569 349 3638; x_wconf 87' lang='lat' dir='ltr'><strong>filii</strong></span> <span class='ocrx_word' id='word_1_212' title='bbox 364 3572 447 3660; x_wconf 86' lang='lat' dir='ltr'><strong>regis</strong></span> <span class='ocrx_word' id='word_1_213' title='bbox 462 3570 611 3636; x_wconf 85' lang='lat' dir='ltr'><strong>Edwardi</strong></span> <span class='ocrx_word' id='word_1_214' title='bbox 626 3567 821 3636; x_wconf 87' lang='lat' dir='ltr'><strong>duodecimo.</strong></span> <span class='ocrx_word' id='word_1_215' title='bbox 864 3565 973 3632; x_wconf 85' lang='lat' dir='ltr'><strong>Assisa</strong></span> <span class='ocrx_word' id='word_1_216' title='bbox 995 3563 1083 3630; x_wconf 85' lang='lat' dir='ltr'><strong>venit</strong></span> <span class='ocrx_word' id='word_1_217' title='bbox 1107 3559 1331 3650; x_wconf 88' lang='lat' dir='ltr'><strong>recognioionis</strong></span> <span class='ocrx_word' id='word_1_218' title='bbox 1357 3558 1381 3622; x_wconf 90' lang='lat' dir='ltr'><strong>si</strong></span> <span class='ocrx_word' id='word_1_219' title='bbox 1397 3554 1576 3622; x_wconf 88' lang='lat' dir='ltr'><strong>Willelrnus</strong></span> <span class='ocrx_word' id='word_1_220' title='bbox 1595 3551 1679 3618; x_wconf 87' lang='lat' dir='ltr'><strong>filius</strong></span> 
     </span>
    </p>
   </div>
   <div class='ocr_carea' id='block_1_7' title="bbox 286 3658 1678 3871">
    <p class='ocr_par' dir='ltr' id='par_1_7' title="bbox 286 3658 1678 3871">
     <span class='ocr_line' id='line_1_25' title="bbox 286 3658 1678 3764; baseline -0.015 -19"><span class='ocrx_word' id='word_1_221' title='bbox 286 3675 447 3744; x_wconf 90' lang='lat' dir='ltr'><strong>Willelmi</strong></span> <span class='ocrx_word' id='word_1_222' title='bbox 461 3676 501 3743; x_wconf 87' lang='lat' dir='ltr'><strong>de</strong></span> <span class='ocrx_word' id='word_1_223' title='bbox 516 3675 607 3764; x_wconf 87' lang='lat' dir='ltr'><strong>Athy</strong></span> <span class='ocrx_word' id='word_1_224' title='bbox 618 3675 773 3741; x_wconf 89' lang='lat' dir='ltr'><strong>Robertus</strong></span> <span class='ocrx_word' id='word_1_225' title='bbox 788 3674 885 3738; x_wconf 84' lang='lat' dir='ltr'><strong>Rowe</strong></span> <span class='ocrx_word' id='word_1_226' title='bbox 899 3684 932 3738; x_wconf 89' lang='lat' dir='ltr'><strong>et</strong></span> <span class='ocrx_word' id='word_1_227' title='bbox 945 3669 1051 3736; x_wconf 87' lang='lat' dir='ltr'><strong>Alicia</strong></span> <span class='ocrx_word' id='word_1_228' title='bbox 1065 3691 1147 3734; x_wconf 88' lang='lat' dir='ltr'><strong>uxor</strong></span> <span class='ocrx_word' id='word_1_229' title='bbox 1161 3667 1228 3753; x_wconf 89' lang='lat' dir='ltr'><strong>ejus</strong></span> <span class='ocrx_word' id='word_1_230' title='bbox 1242 3689 1298 3753; x_wconf 88' lang='lat' dir='ltr'><strong>per</strong></span> <span class='ocrx_word' id='word_1_231' title='bbox 1312 3687 1398 3730; x_wconf 88' lang='lat' dir='ltr'><strong>snam</strong></span> <span class='ocrx_word' id='word_1_232' title='bbox 1412 3662 1536 3728; x_wconf 87' lang='lat' dir='ltr'><strong>friscam</strong></span> <span class='ocrx_word' id='word_1_233' title='bbox 1550 3658 1678 3724; x_wconf 84' lang='lat' dir='ltr'><strong>forciam</strong></span> 
     </span>
     <span class='ocr_line' id='line_1_26' title="bbox 288 3767 1678 3871; baseline -0.009 -23"><span class='ocrx_word' id='word_1_234' title='bbox 288 3779 406 3871; x_wconf 86' lang='lat' dir='ltr'><strong>injuste</strong></span> <span class='ocrx_word' id='word_1_235' title='bbox 421 3794 454 3848; x_wconf 91' lang='lat' dir='ltr'><strong>et</strong></span> <span class='ocrx_word' id='word_1_236' title='bbox 463 3782 529 3847; x_wconf 87' lang='lat' dir='ltr'><strong>sine</strong></span> <span class='ocrx_word' id='word_1_237' title='bbox 539 3780 661 3868; x_wconf 90' lang='lat' dir='ltr'><strong>judicio</strong></span> <span class='ocrx_word' id='word_1_238' title='bbox 672 3777 883 3844; x_wconf 85' lang='lat' dir='ltr'><strong>disseisierunt</strong></span> <span class='ocrx_word' id='word_1_239' title='bbox 896 3775 1022 3841; x_wconf 61' lang='lat' dir='ltr'><strong>huam</strong></span> <span class='ocrx_word' id='word_1_240' title='bbox 1037 3773 1216 3841; x_wconf 83' lang='lat' dir='ltr'><strong>Gilbertum</strong></span> <span class='ocrx_word' id='word_1_241' title='bbox 1231 3771 1370 3837; x_wconf 86' lang='lat' dir='ltr'><strong>Priorem</strong></span> <span class='ocrx_word' id='word_1_242' title='bbox 1385 3767 1513 3835; x_wconf 75' lang='lat' dir='ltr'><strong>melesio</strong></span> <span class='ocrx_word' id='word_1_243' title='bbox 1525 3769 1678 3836; x_wconf 89' lang='lat' dir='ltr'><strong>Omnium</strong></span> 
     </span>
    </p>
   </div>
   <div class='ocr_carea' id='block_1_8' title="bbox 292 3873 1677 4504">
    <p class='ocr_par' dir='ltr' id='par_1_8' title="bbox 292 3873 1677 4504">
     <span class='ocr_line' id='line_1_27' title="bbox 293 3873 1677 3961; baseline -0.01 -5"><span class='ocrx_word' id='word_1_244' title='bbox 293 3888 478 3958; x_wconf 88' lang='lat' dir='ltr'><strong>Sanctorum</strong></span> <span class='ocrx_word' id='word_1_245' title='bbox 493 3886 614 3953; x_wconf 90' lang='lat' dir='ltr'><strong>Dublin</strong></span> <span class='ocrx_word' id='word_1_246' title='bbox 629 3886 667 3952; x_wconf 91' lang='lat' dir='ltr'><strong>de</strong></span> <span class='ocrx_word' id='word_1_247' title='bbox 682 3883 780 3950; x_wconf 89' lang='lat' dir='ltr'><strong>libero</strong></span> <span class='ocrx_word' id='word_1_248' title='bbox 795 3894 972 3949; x_wconf 87' lang='lat' dir='ltr'><strong>tenemento</strong></span> <span class='ocrx_word' id='word_1_249' title='bbox 987 3904 1043 3947; x_wconf 89' lang='lat' dir='ltr'><strong>suo</strong></span> <span class='ocrx_word' id='word_1_250' title='bbox 1057 3879 1091 3945; x_wconf 92' lang='lat' dir='ltr'><strong>in</strong></span> <span class='ocrx_word' id='word_1_251' title='bbox 1105 3875 1254 3945; x_wconf 91' lang='lat' dir='ltr'><strong>suburbio</strong></span> <span class='ocrx_word' id='word_1_252' title='bbox 1269 3875 1398 3943; x_wconf 90' lang='lat' dir='ltr'><strong>Dublin.</strong></span> <span class='ocrx_word' id='word_1_253' title='bbox 1443 3873 1488 3939; x_wconf 86' lang='lat' dir='ltr'><strong>Et</strong></span> <span class='ocrx_word' id='word_1_254' title='bbox 1502 3875 1586 3942; x_wconf 87' lang='lat' dir='ltr'><strong>unde</strong></span> <span class='ocrx_word' id='word_1_255' title='bbox 1601 3899 1677 3961; x_wconf 91' lang='lat' dir='ltr'><strong>que·</strong></span> 
     </span>
     <span class='ocr_line' id='line_1_28' title="bbox 292 3979 1675 4083; baseline -0.012 -21"><span class='ocrx_word' id='word_1_256' title='bbox 292 3997 368 4064; x_wconf 88' lang='lat' dir='ltr'><strong>ritur</strong></span> <span class='ocrx_word' id='word_1_257' title='bbox 382 3996 468 4083; x_wconf 91' lang='lat' dir='ltr'><strong>quod</strong></span> <span class='ocrx_word' id='word_1_258' title='bbox 486 3993 697 4060; x_wconf 75' lang='lat' dir='ltr'><strong>dimeisierunt</strong></span> <span class='ocrx_word' id='word_1_259' title='bbox 710 4015 782 4057; x_wconf 90' lang='lat' dir='ltr'><strong>eum</strong></span> <span class='ocrx_word' id='word_1_260' title='bbox 797 3989 837 4055; x_wconf 87' lang='lat' dir='ltr'><strong>de</strong></span> <span class='ocrx_word' id='word_1_261' title='bbox 852 3989 973 4054; x_wconf 87' lang='lat' dir='ltr'><strong>duabus</strong></span> <span class='ocrx_word' id='word_1_262' title='bbox 992 3987 1069 4053; x_wconf 90' lang='lat' dir='ltr'><strong>acris</strong></span> <span class='ocrx_word' id='word_1_263' title='bbox 1083 4000 1164 4052; x_wconf 89' lang='lat' dir='ltr'><strong>terre</strong></span> <span class='ocrx_word' id='word_1_264' title='bbox 1185 4007 1258 4049; x_wconf 92' lang='lat' dir='ltr'><strong>cum</strong></span> <span class='ocrx_word' id='word_1_265' title='bbox 1272 3981 1472 4071; x_wconf 88' lang='lat' dir='ltr'><strong>pertinenciis</strong></span> <span class='ocrx_word' id='word_1_266' title='bbox 1486 3979 1521 4046; x_wconf 91' lang='lat' dir='ltr'><strong>in</strong></span> <span class='ocrx_word' id='word_1_267' title='bbox 1534 3981 1565 4047; x_wconf 88' lang='lat' dir='ltr'><strong>le</strong></span> <span class='ocrx_word' id='word_1_268' title='bbox 1580 3983 1675 4048; x_wconf 84' lang='lat' dir='ltr'><strong>Oroc-</strong></span> 
     </span>
     <span class='ocr_line' id='line_1_29' title="bbox 293 4087 1676 4188; baseline -0.012 -20"><span class='ocrx_word' id='word_1_269' title='bbox 293 4100 457 4170; x_wconf 82' lang='lat' dir='ltr'><strong>lrerestrete</strong></span> <span class='ocrx_word' id='word_1_270' title='bbox 468 4101 502 4166; x_wconf 92' lang='lat' dir='ltr'><strong>in</strong></span> <span class='ocrx_word' id='word_1_271' title='bbox 516 4097 663 4188; x_wconf 89' lang='lat' dir='ltr'><strong>parochia</strong></span> <span class='ocrx_word' id='word_1_272' title='bbox 675 4097 781 4164; x_wconf 86' lang='lat' dir='ltr'><strong>Sancti</strong></span> <span class='ocrx_word' id='word_1_273' title='bbox 792 4097 814 4162; x_wconf 90' lang='lat' dir='ltr'><strong>J</strong></span> <span class='ocrx_word' id='word_1_274' title='bbox 814 4094 903 4162; x_wconf 89' lang='lat' dir='ltr'><strong>acobi</strong></span> <span class='ocrx_word' id='word_1_275' title='bbox 915 4094 966 4160; x_wconf 93' lang='lat' dir='ltr'><strong>die</strong></span> <span class='ocrx_word' id='word_1_276' title='bbox 980 4092 1100 4161; x_wconf 88' lang='lat' dir='ltr'><strong>sabbati</strong></span> <span class='ocrx_word' id='word_1_277' title='bbox 1111 4089 1256 4180; x_wconf 88' lang='lat' dir='ltr'><strong>proximo</strong></span> <span class='ocrx_word' id='word_1_278' title='bbox 1271 4101 1342 4155; x_wconf 86' lang='lat' dir='ltr'><strong>ante</strong></span> <span class='ocrx_word' id='word_1_279' title='bbox 1349 4087 1463 4154; x_wconf 82' lang='lat' dir='ltr'><strong>festum</strong></span> <span class='ocrx_word' id='word_1_280' title='bbox 1473 4087 1676 4154; x_wconf 84' lang='lat' dir='ltr'><strong>exaltacionis</strong></span> 
     </span>
     <span class='ocr_line' id='line_1_30' title="bbox 293 4193 1675 4289; baseline -0.009 -17"><span class='ocrx_word' id='word_1_281' title='bbox 293 4219 394 4274; x_wconf 87' lang='lat' dir='ltr'><strong>sancte</strong></span> <span class='ocrx_word' id='word_1_282' title='bbox 416 4204 515 4272; x_wconf 89' lang='lat' dir='ltr'><strong>crucis</strong></span> <span class='ocrx_word' id='word_1_283' title='bbox 538 4201 649 4268; x_wconf 90' lang='lat' dir='ltr'><strong>ultimo</strong></span> <span class='ocrx_word' id='word_1_284' title='bbox 671 4200 864 4289; x_wconf 88' lang='lat' dir='ltr'><strong>preteritum.</strong></span> <span class='ocrx_word' id='word_1_285' title='bbox 909 4198 953 4263; x_wconf 86' lang='lat' dir='ltr'><strong>Et</strong></span> <span class='ocrx_word' id='word_1_286' title='bbox 977 4196 1110 4286; x_wconf 87' lang='lat' dir='ltr'><strong>predicti</strong></span> <span class='ocrx_word' id='word_1_287' title='bbox 1135 4194 1314 4260; x_wconf 90' lang='lat' dir='ltr'><strong>Willelmus</strong></span> <span class='ocrx_word' id='word_1_288' title='bbox 1336 4195 1491 4259; x_wconf 86' lang='lat' dir='ltr'><strong>Robertus</strong></span> <span class='ocrx_word' id='word_1_289' title='bbox 1514 4206 1546 4259; x_wconf 91' lang='lat' dir='ltr'><strong>et</strong></span> <span class='ocrx_word' id='word_1_290' title='bbox 1569 4193 1675 4260; x_wconf 80' lang='lat' dir='ltr'><strong>Alicio</strong></span> 
     </span>
     <span class='ocr_line' id='line_1_31' title="bbox 293 4297 1673 4388; baseline -0.008 -13"><span class='ocrx_word' id='word_1_291' title='bbox 293 4311 421 4379; x_wconf 78' lang='lat' dir='ltr'><strong>veniunt</strong></span> <span class='ocrx_word' id='word_1_292' title='bbox 434 4324 466 4376; x_wconf 92' lang='lat' dir='ltr'><strong>et</strong></span> <span class='ocrx_word' id='word_1_293' title='bbox 480 4308 635 4375; x_wconf 88' lang='lat' dir='ltr'><strong>Robertus</strong></span> <span class='ocrx_word' id='word_1_294' title='bbox 649 4319 681 4372; x_wconf 87' lang='lat' dir='ltr'><strong>et</strong></span> <span class='ocrx_word' id='word_1_295' title='bbox 694 4305 801 4372; x_wconf 86' lang='lat' dir='ltr'><strong>Alicia</strong></span> <span class='ocrx_word' id='word_1_296' title='bbox 814 4303 913 4372; x_wconf 89' lang='lat' dir='ltr'><strong>nichil</strong></span> <span class='ocrx_word' id='word_1_297' title='bbox 928 4302 1063 4369; x_wconf 87' lang='lat' dir='ltr'><strong>clamant</strong></span> <span class='ocrx_word' id='word_1_298' title='bbox 1075 4301 1110 4365; x_wconf 92' lang='lat' dir='ltr'><strong>in</strong></span> <span class='ocrx_word' id='word_1_299' title='bbox 1131 4298 1272 4388; x_wconf 87' lang='lat' dir='ltr'><strong>predicto</strong></span> <span class='ocrx_word' id='word_1_300' title='bbox 1286 4309 1463 4364; x_wconf 87' lang='lat' dir='ltr'><strong>tenemento</strong></span> <span class='ocrx_word' id='word_1_301' title='bbox 1478 4297 1538 4362; x_wconf 87' lang='lat' dir='ltr'><strong>nisi</strong></span> <span class='ocrx_word' id='word_1_302' title='bbox 1551 4297 1673 4364; x_wconf 89' lang='lat' dir='ltr'><strong>firmam</strong></span> 
     </span>
     <span class='ocr_line' id='line_1_32' title="bbox 294 4403 1675 4504; baseline -0.01 -20"><span class='ocrx_word' id='word_1_303' title='bbox 294 4419 329 4484; x_wconf 86' lang='lat' dir='ltr'><strong>ad</strong></span> <span class='ocrx_word' id='word_1_304' title='bbox 342 4417 536 4484; x_wconf 84' lang='lat' dir='ltr'><strong>voluntatem</strong></span> <span class='ocrx_word' id='word_1_305' title='bbox 549 4414 683 4504; x_wconf 89' lang='lat' dir='ltr'><strong>predicti</strong></span> <span class='ocrx_word' id='word_1_306' title='bbox 693 4411 858 4482; x_wconf 87' lang='lat' dir='ltr'><strong>Willelmi.</strong></span> <span class='ocrx_word' id='word_1_307' title='bbox 903 4410 1097 4497; x_wconf 84' lang='lat' dir='ltr'><strong>Quiquidem</strong></span> <span class='ocrx_word' id='word_1_308' title='bbox 1107 4407 1288 4476; x_wconf 88' lang='lat' dir='ltr'><strong>Willelmus</strong></span> <span class='ocrx_word' id='word_1_309' title='bbox 1309 4419 1342 4474; x_wconf 90' lang='lat' dir='ltr'><strong>et</strong></span> <span class='ocrx_word' id='word_1_310' title='bbox 1362 4405 1505 4472; x_wconf 88' lang='lat' dir='ltr'><strong>similiter</strong></span> <span class='ocrx_word' id='word_1_311' title='bbox 1518 4403 1675 4494; x_wconf 89' lang='lat' dir='ltr'><strong>predictus</strong></span> 
     </span>
    </p>
   </div>
   <div class='ocr_carea' id='block_1_9' title="bbox 331 4507 1674 4590">
    <p class='ocr_par' dir='ltr' id='par_1_9' title="bbox 331 4507 1674 4590">
     <span class='ocr_line' id='line_1_33' title="bbox 331 4507 1674 4590; baseline -0.013 0"><span class='ocrx_word' id='word_1_312' title='bbox 331 4544 423 4590; x_wconf 76' lang='lat' dir='ltr'><strong>mrsu</strong></span> <span class='ocrx_word' id='word_1_313' title='bbox 437 4543 533 4590; x_wconf 75' lang='lat' dir='ltr'><strong>anca.</strong></span> <span class='ocrx_word' id='word_1_314' title='bbox 549 4541 612 4588; x_wconf 89' lang='lat' dir='ltr'><strong>soc.</strong></span> <span class='ocrx_word' id='word_1_315' title='bbox 634 4543 679 4586; x_wconf 88' lang='lat' dir='ltr'><strong>ro.</strong></span> <span class='ocrx_word' id='word_1_316' title='bbox 971 4514 1005 4579; x_wconf 91' lang='lat' dir='ltr'>H</span> <span class='ocrx_word' id='word_1_317' title='bbox 1584 4507 1674 4574; x_wconf 86' lang='lat' dir='ltr'><strong>Prior</strong></span> 
     </span>
    </p>
   </div>
   <div class='ocr_carea' id='block_1_10' title="bbox 0 0 2146 5412">
    <p class='ocr_par' dir='ltr' id='par_1_10' title="bbox 0 0 2146 5412">
     <span class='ocr_line' id='line_1_34' title="bbox 0 0 2146 5412; baseline 0 3"><span class='ocrx_word' id='word_1_318' title='bbox 0 0 2146 5412; x_wconf 95' lang='lat' dir='ltr'><strong> </strong></span> 
     </span>
    </p>
   </div>
  </div>
 </body>
</html>
