4306 5414
942 672 983 742 91

277 835 401 901 Dnblin
416 830 558 922 deputati
573 827 681 896 dilecti
695 841 727 896 et
741 828 841 896 fidelis
856 829 952 896 nostri
966 830 989 895 J
989 829 1120 896 ohannis
1132 829 1248 896 Telbot
1261 829 1301 896 de
1316 828 1516 895 Halomshire
1531 827 1670 896 chivaler

279 941 384 1007 locum
406 951 546 1006 nostrum
567 935 704 1003 tenentis
716 948 796 1002 terre
818 949 922 1002 nostre
937 934 1091 1002 Hibernis
1105 948 1139 1002 et
1157 935 1279 1002 consilii
1301 934 1398 1001 nostri
1412 935 1445 1000 in
1460 935 1570 1002 endem
1590 949 1671 1001 terra

280 1059 385 1111 nostra
401 1083 408 1098 ·
423 1040 665 1132 perdonavimus
686 1054 720 1106 et
731 1039 942 1106 relaxavimus
963 1039 1085 1106 dilectis
1106 1039 1197 1106 nobis
1218 1040 1253 1104 in
1274 1039 1400 1106 Christo
1419 1041 1521 1107 Priori
1544 1055 1576 1106 et
1596 1063 1670 1108 con-

281 1149 391 1216 ventui
403 1149 514 1214 domus
523 1145 676 1214 Omnium
687 1145 871 1212 Sanctorum
876 1145 972 1230 juxte
983 1145 1106 1212 Dublin
1116 1146 1296 1213 omnimoda
1306 1149 1502 1214 abatamenta
1515 1149 1671 1238 ingressus

281 1257 436 1324 indebitas
450 1255 652 1322 liberationes
666 1277 808 1320 erroneus
822 1265 854 1318 et
867 1252 1022 1319 indebitas
1041 1253 1257 1341 mesprisiones
1276 1277 1312 1320 ac
1332 1254 1408 1320 ulios
1429 1268 1624 1342 contemptus
1638 1269 1672 1320 et

283 1365 414 1432 offensas
435 1385 646 1451 quascumque
664 1361 699 1427 in
718 1361 806 1428 etde
826 1360 971 1427 omnibus
992 1359 1158 1448 mesuagiis
1183 1360 1272 1426 terris
1293 1359 1479 1426 tenementis
1497 1358 1671 1426 redditibus

282 1470 420 1538 serviciis
434 1470 528 1538 curiis
543 1468 693 1536 custumis
713 1482 746 1534 et
760 1467 885 1533 tolnetis
899 1491 972 1534 cum
986 1465 1186 1555 pertinenciis
1200 1466 1234 1532 in
1249 1465 1372 1532 Dublin
1388 1503 1395 1518 ·
1412 1465 1646 1554 Doneghbroke
1663 1501 1670 1516 ·

282 1575 429 1665 Baldoyll
446 1613 452 1628 ·
468 1573 729 1663 Donegblrerny·
751 1572 963 1661 Ballycollane
984 1585 1017 1638 et
1038 1571 1203 1638 Kenturlre
1220 1610 1227 1625 ·
1243 1596 1279 1638 ec
1299 1572 1443 1637 omnibus
1465 1571 1533 1637 aliis
1554 1595 1670 1659 posses-

282 1684 421 1750 sionibus
443 1681 508 1748 suis
527 1680 610 1746 infra
630 1693 743 1746 terram
765 1693 900 1745 uostrem
915 1677 1068 1746 Hibernis
1089 1701 1144 1766 per
1163 1677 1245 1766 ipsos
1259 1694 1314 1744 aut
1327 1701 1436 1744 eorum
1458 1678 1595 1764 aliquem
1617 1701 1672 1744 seu

283 1811 513 1876 quemcumque
527 1787 777 1876 predecessorum
800 1809 927 1851 suorum
943 1823 950 1838 ·
965 1786 1017 1851 vel
1031 1799 1111 1852 terre
1131 1799 1292 1852 tenentem
1307 1797 1506 1873 ocupatorsm
1521 1783 1588 1850 sive
1601 1805 1671 1872 pos·

283 1917 431 1961 sessorem
444 1894 600 1960 dictorum
614 1893 843 1981 mesuagiorum
854 1905 1006 1958 terrarum
1017 1905 1265 1958 tenementorum
1279 1891 1459 1956 reddituum
1471 1889 1672 1958 serviciorum

283 2002 439 2068 curiarum
464 2015 676 2068 custumarum
702 2014 734 2067 et
758 2001 946 2067 tolnetorum
972 2023 1044 2066 cum
1069 1999 1270 2088 pertinenciis
1295 2012 1350 2066 aut
1378 1998 1510 2084 alicujus
1539 1995 1673 2086 percelle

284 2105 454 2172 eonmdem
468 2127 542 2171 cum
555 2102 756 2192 pertinenciis
771 2139 779 2156 ·
795 2121 859 2168 tam
873 2116 1013 2190 tempore
1028 2117 1132 2168 nostro
1147 2127 1242 2190 quam
1257 2117 1396 2190 tempore
1412 2103 1587 2189 aliquorum
1601 2127 1673 2191 pro·

284 2213 461 2303 genitorum
474 2212 526 2278 vel
541 2212 790 2300 predecessorum
805 2224 979 2277 nostrorum
994 2211 1153 2297 quondam
1167 2235 1277 2300 regum
1288 2211 1406 2300 Anglie
1421 2211 1502 2278 fecte
1526 2233 1581 2276 seu
1602 2233 1673 2297 pro-

284 2329 389 2384 secuta
411 2355 419 2372 ·
441 2317 687 2384 Pardonavimus
706 2318 806 2385 eciem
828 2331 861 2384 et
885 2317 1096 2385 relaxavimus
1120 2319 1238 2386 eisdem
1261 2319 1363 2385 Priori
1388 2331 1421 2386 et
1445 2316 1615 2384 conventui
1638 2339 1676 2384 ac

284 2447 393 2490 eorum
407 2423 538 2490 cuilibet
552 2423 731 2488 omnimoda
750 2424 890 2490 redditus
904 2425 1010 2490 exitus
1025 2425 1164 2513 proficue
1183 2437 1215 2492 et
1229 2424 1463 2491 commoditates
1478 2445 1674 2508 quecumque

285 2529 325 2594 de
342 2528 489 2617 predictis
508 2529 675 2618 mesuagiis
689 2529 778 2596 terris
795 2531 981 2597 tenementis
1002 2531 1176 2598 redditibus
1198 2530 1335 2598 serviciis
1356 2529 1450 2597 curiis
1472 2527 1621 2596 custumis
1642 2542 1675 2594 et

284 2635 409 2701 tolnetis
423 2659 495 2702 cum
510 2635 710 2723 pertinenciis
733 2652 787 2702 aut
806 2638 845 2704 de
860 2637 964 2726 alique
977 2640 1113 2728 parcella
1126 2639 1200 2706 inde
1220 2663 1293 2705 cum
1315 2637 1514 2726 pertinenciis
1529 2635 1673 2724 proveni-

284 2737 374 2804 encis
389 2775 396 2790 ·
412 2752 445 2804 et
457 2737 547 2804 nobis
562 2762 605 2803 ex
621 2738 720 2805 causis
733 2739 881 2826 predictis
896 2754 951 2806 aut
964 2767 1070 2808 earum
1086 2743 1190 2830 aliqua
1211 2767 1265 2808 seu
1287 2743 1348 2809 alia
1366 2767 1459 2810 causa
1476 2764 1674 2829 quacumque

286 2842 393 2909 debite
405 2841 598 2930 pertinencia
613 2841 664 2908 vel
678 2844 852 2932 spectancia
868 2882 875 2897 ·
891 2845 936 2910 Et
949 2847 1079 2914 ulterius
1101 2849 1140 2915 de
1159 2849 1296 2916 uberiori
1311 2850 1416 2938 gracia
1436 2865 1540 2916 nostra
1559 2861 1674 2916 statum

285 2946 414 3014 titulum
427 2961 460 3014 et
474 2946 695 3036 possessionem
716 2972 794 3034 quos
815 2947 912 3014 iidem
927 2950 1019 3017 Prior
1033 2966 1065 3018 et
1087 2967 1258 3020 conventus
1281 2955 1399 3021 habent
1419 2955 1453 3020 in
1476 2955 1593 3022 eisdem
1608 2979 1673 3022 me-

285 3053 402 3143 susgiis
416 3053 505 3120 terris
520 3053 704 3120 tenementis
718 3053 892 3120 redditibus
906 3055 1044 3123 serviciis
1058 3058 1152 3124 curiis
1166 3061 1316 3126 custumis
1331 3073 1363 3127 et
1376 3061 1502 3128 tolnetis
1516 3085 1588 3128 cum
1604 3085 1673 3150 per-

285 3161 430 3228 tinenciis
455 3174 651 3250 acceptamus
676 3164 882 3251 approbamus
906 3164 1094 3232 ratificamus
1122 3181 1155 3233 et
1179 3168 1396 3234 confirmamus
1421 3207 1429 3222 ·
1453 3169 1557 3256 aliquo
1581 3167 1673 3234 titulo

285 3267 377 3334 nobis
396 3266 471 3333 inde
493 3268 668 3358 pertinente
693 3293 747 3335 seu
769 3282 928 3357 spectante
950 3294 1014 3336 non
1042 3274 1183 3340 obstante
1200 3312 1206 3326 ·
1223 3275 1262 3340 In
1283 3275 1373 3361 cujus
1393 3275 1439 3341 rei
1461 3273 1672 3340 testimonium

285 3375 341 3442 has
355 3375 459 3441 literas
473 3393 592 3443 nostras
606 3376 675 3443 fieri
688 3377 819 3444 fecimus
833 3391 982 3466 patentes.
1027 3381 1121 3447 Teste
1142 3381 1261 3470 prefato
1281 3383 1430 3469 deputato
1451 3381 1536 3468 apud
1550 3379 1673 3446 Dublin

285 3483 434 3550 vicesimo
448 3485 545 3552 tercio
560 3485 612 3552 die
626 3487 747 3575 Aprilis
762 3511 843 3553 enno
858 3489 946 3575 mgni
960 3489 1057 3554 nostri
1072 3503 1191 3574 quarto.

349 3589 412 3656 Per
426 3589 615 3677 peticionem
624 3614 679 3678 per
689 3590 792 3678 ipsum
802 3590 987 3678 deputatum
998 3605 1030 3658 et
1039 3591 1203 3658 consilium
1217 3591 1378 3658 indorsum
1388 3602 1421 3658 et
1431 3590 1535 3680 sigillo
1550 3589 1672 3680 privato

285 3693 503 3784 musignsmm
513 3708 546 3762 et
556 3718 612 3784 pro
627 3695 746 3762 duabus
760 3694 871 3760 marcis
885 3695 993 3762 solutis
1008 3695 1042 3762 in
1056 3696 1233 3785 benaperio.

944 3937 1012 4012 VI.

381 4114 571 4215 [quentate
586 4115 720 4190 buttem
738 4119 789 4200 thr
805 4117 906 4210 testes
922 4119 956 4191 of
970 4116 1033 4195 fil!
1051 4117 1179 4202 §etum
1197 4121 1260 4190 sut
1276 4116 1443 4194 william
1459 4114 1582 4216 Itala]

369 4297 439 4386 Hys
455 4299 626 4366 Indenture
642 4299 733 4366 made
748 4299 802 4366 the
817 4301 924 4390 ffyrste
940 4301 1000 4388 day
1013 4300 1061 4366 off
1070 4299 1195 4365 marche
1210 4299 1263 4364 the
1277 4299 1371 4388 egbte
1387 4300 1448 4366 and
1462 4313 1585 4388 twynty
1600 4323 1673 4387 yere

386 4402 435 4468 off
444 4402 497 4468 the
510 4403 601 4492 Reng
616 4403 665 4469 off
674 4405 772 4494 Kyng
786 4406 900 4497 Henry
915 4406 969 4473 the
984 4405 1071 4472 VIII
1082 4407 1212 4496 betwyx
1226 4407 1337 4474 Water
1351 4407 1510 4474 Hankoke
1529 4409 1631 4497 Pryor
1645 4409 1682 4473 of

940 4515 971 4579 N
987 4537 1004 4584 2
1620 4514 1674 4581 the
