4284 5412
1149 603 1193 696 38

481 777 580 844 sinam
595 780 651 844 &c
667 767 827 866 quousque
842 788 895 847 &c
939 781 1050 847 Postea
1064 781 1233 848 remittitur
1246 782 1370 870 prisona
1384 790 1437 849 &c
1481 783 1525 850 Et
1536 783 1575 850 de
1590 808 1740 851 consensu
1755 786 1864 874 prefati

483 881 610 948 Ricardi
624 888 819 972 recuperavit
833 887 989 975 predictus
1004 889 1094 954 Prior
1108 890 1259 978 prefatam
1276 891 1397 957 caldam
1415 916 1488 958 cum
1506 893 1706 982 pertinenciis
1721 897 1777 961 &c
1821 895 1865 962 Et

481 993 637 1079 predictus
652 995 804 1061 Ricardus
818 997 940 1063 invenit
953 999 1072 1086 plegios
1087 1000 1126 1066 de
1141 999 1350 1065 misericordia
1365 1009 1417 1066 tro.

547 1103 657 1195 {slata
675 1102 742 1177 alta
759 1108 954 1180 manturna
971 1120 1075 1183 turtur
1091 1121 1120 1181 rt
1138 1108 1341 1186 saturaturus
1364 1113 1530 1202 totoaoaot
1548 1113 1711 1185 autumo
1727 1123 1756 1184 rt
1771 1115 1863 1184 torua

482 1219 582 1312 pura
600 1224 633 1295 lo
651 1225 781 1315 pruritu
798 1228 943 1316 parnas
969 1229 1002 1302 lu
1019 1229 1081 1302 tito
1108 1228 1341 1322 pellipariorum
1365 1232 1400 1305 to
1425 1243 1510 1323 para
1526 1231 1640 1306 hortuli
1666 1233 1803 1306 intuta
1829 1233 1862 1305 lu

481 1363 547 1416 uua
564 1345 660 1434 poor
678 1346 711 1419 tu
728 1348 807 1421 tiata
825 1368 882 1440 qua
899 1351 961 1423 toro
975 1351 1022 1434 tir
1040 1371 1104 1424 ooo
1121 1350 1302 1426 statuatur
1318 1353 1393 1444 quta
1410 1363 1489 1426 aaut
1507 1353 1539 1425 lo
1557 1351 1709 1426 arathus
1726 1355 1861 1425 asarta

483 1474 550 1535 tota
567 1469 621 1538 &a

1085 1715 1255 1792 XXXV.

788 1903 833 1976 la
851 1904 951 1976 uorat
966 1904 1029 1976 tuo
1046 1913 1075 1976 rt
1092 1903 1236 1998 promta
1253 1921 1285 1976 u
1303 1915 1388 1996 para
1404 1902 1552 1978 uastati

583 2080 641 2147 EC
655 2081 822 2148 indentura
836 2097 964 2150 testatur
978 2085 1063 2170 quod
1078 2085 1129 2151 die
1144 2085 1311 2152 Dominica
1324 2086 1358 2150 in
1373 2085 1450 2151 festo
1465 2086 1561 2152 Pasce
1581 2109 1661 2151 anno
1676 2085 1765 2175 regni
1779 2087 1860 2174 regis

603 2188 753 2254 Edwardi
767 2190 855 2255 tercii
875 2203 946 2278 post
959 2205 1163 2277 conquestum
1186 2191 1275 2280 regni
1299 2191 1347 2256 sui
1361 2190 1480 2278 Anglie
1494 2191 1643 2256 vicesimo
1666 2215 1750 2257 nono
1773 2192 1861 2280 regni

478 2321 552 2363 vero
568 2296 699 2361 Francia
719 2296 785 2361 xvi.
829 2296 878 2361 Ita
903 2297 1051 2362 convenit
1072 2297 1155 2363 inter
1176 2297 1335 2386 religiosos
1360 2297 1443 2362 viros
1457 2296 1598 2362 Priorem
1621 2309 1652 2363 et
1674 2313 1861 2363 conventum

478 2402 588 2467 domus
603 2401 755 2466 Omnium
772 2401 956 2467 Sanctorum
975 2402 1071 2487 juxta
1085 2400 1207 2468 Dublin
1221 2427 1262 2468 ex
1286 2397 1373 2489 parte
1396 2426 1459 2467 una
1481 2415 1513 2468 et
1532 2402 1709 2469 Johannem
1725 2405 1860 2470 Latoner

477 2509 579 2574 civem
600 2507 724 2574 Dublin
750 2531 792 2572 ex
816 2506 911 2572 altera
927 2507 1094 2574 ·vidclioet
1113 2507 1198 2594 quod
1212 2508 1345 2596 predicti
1360 2508 1450 2573 Prior
1472 2521 1505 2574 et
1527 2522 1698 2575 conventus
1720 2511 1860 2576 unanimi

478 2637 629 2680 consensu
652 2626 684 2678 et
703 2611 832 2678 consilio
857 2611 957 2678 tocius
980 2612 1109 2700 capituli
1129 2613 1177 2678 sui
1196 2613 1391 2679 tradiderunt
1412 2626 1445 2679 et
1471 2613 1511 2679 ad
1534 2612 1655 2680 firmam
1678 2614 1861 2681 dimiserunt

477 2721 562 2785 dicto
576 2720 715 2785 iohanni
729 2743 828 2783 unum
842 2720 1037 2808 mesuagium
1059 2745 1132 2786 cunr
1157 2721 1300 2788 omnibus
1323 2721 1454 2788 edificiis
1477 2735 1509 2788 et
1522 2722 1722 2809 pertinenciis
1738 2760 1745 2773 ·
1761 2723 1858 2808 quod-

478 2825 605 2910 quidem
620 2825 814 2913 mesuagium
824 2826 910 2913 jacet
922 2826 958 2891 in
972 2828 1042 2893 vico
1057 2829 1211 2917 pelliparii
1224 2829 1345 2897 Dublin
1359 2869 1365 2881 ·
1377 2830 1411 2895 in
1425 2829 1591 2895 latitudine
1606 2829 1688 2895 inter
1702 2842 1858 2896 tenemen-

476 2943 545 2993 tum
560 2927 683 2994 Thome
698 2928 820 2994 Fakcm
842 2954 884 2995 ex
905 2955 968 2997 una
982 2944 1069 3019 parte
1093 2945 1125 2998 et
1145 2946 1357 2998 tenementum
1381 2935 1466 3020 quod
1480 2933 1542 3000 fuit
1555 2935 1686 3001 Robcrti
1701 2934 1803 3002 North
1817 2962 1858 3003 ex

478 3036 574 3102 altera
588 3073 594 3087 ·
607 3049 639 3101 et
653 3035 687 3100 in
701 3034 899 3123 longitudine
913 3037 1057 3102 extendit
1071 3038 1110 3103 ab
1123 3036 1186 3102 alto
1200 3038 1271 3103 vico
1285 3061 1392 3104 versus
1405 3039 1525 3105 boriam
1539 3064 1637 3126 usque
1652 3040 1692 3107 ad
1707 3041 1857 3108 venellam

478 3167 539 3230 qua
553 3143 617 3208 itur
631 3142 670 3208 ad
685 3141 845 3209 ecclesiam
863 3141 969 3207 Sancti
983 3141 1128 3208 Nicholai
1143 3165 1249 3207 versus
1264 3155 1412 3207 austrum.

541 3249 733 3315 Habendum
756 3261 788 3312 et
810 3247 981 3312 tenendum
995 3245 1114 3312 dictum
1139 3245 1333 3334 mesuagium
1356 3269 1428 3312 curn
1451 3245 1582 3313 edificiis
1605 3259 1637 3313 et
1659 3247 1858 3335 pertinenciis

476 3357 538 3422 suis
558 3355 642 3421 dicto
661 3351 800 3420 Johanni
814 3351 940 3418 Juliane
962 3349 1129 3415 uxorisne
1152 3363 1184 3415 et
1199 3349 1376 3438 Margarete
1398 3350 1463 3416 filie
1488 3351 1621 3438 predicti
1644 3352 1796 3419 Johannis
1819 3354 1857 3419 de

476 3462 567 3528 dictis
582 3462 690 3527 Priore
704 3473 736 3526 et
750 3475 907 3526 conventu
921 3470 952 3523 et
966 3480 1074 3522 eorum
1089 3456 1313 3522 successoribus
1328 3456 1367 3522 ad
1382 3457 1550 3523 terminum
1564 3457 1693 3546 triginta
1707 3481 1856 3523 annorum

477 3570 614 3658 plenarie
638 3567 894 3656 complendorum
910 3602 916 3617 ·
934 3565 1066 3631 termino
1085 3588 1159 3630 vero
1182 3564 1352 3652 incipiente
1375 3564 1415 3631 ad
1434 3564 1547 3630 festum
1570 3565 1761 3630 antedictum
1778 3603 1784 3615 ·
1801 3565 1857 3628 sub

477 3673 531 3738 tali
555 3687 659 3738 tamen
677 3672 776 3737 forma
798 3670 883 3757 quod
902 3669 1003 3734 dictus
1022 3668 1182 3734 Johannes
1200 3666 1327 3733 Juliana
1340 3681 1373 3732 ct
1387 3667 1565 3756 Margareta
1587 3667 1668 3734 infra
1692 3668 1857 3734 terminum

476 3780 656 3869 proximum
671 3793 741 3867 post
754 3778 980 3845 confectionem
995 3775 1188 3863 presencium
1203 3775 1287 3840 dicta
1301 3774 1425 3840 edificia
1435 3775 1610 3861 sumptibus
1625 3773 1756 3862 propriis
1770 3796 1856 3861 repa·

387 3879 390 3886 ⁴
475 3900 580 3953 rarcnt
604 3900 636 3951 et
658 3885 772 3950 faciant
793 3886 856 3956 alif
876 3897 909 3949 et
933 3885 1087 3966 atauntljt
1103 3921 1109 3934 ·
1127 3882 1300 3948 Reddendo
1322 3882 1396 3947 inde
1420 3881 1580 3947 annuatim
1604 3880 1680 3946 dicti
1698 3880 1857 3946 Johannes

476 3994 497 4058 J
499 3990 603 4057 uliana
627 4005 660 4056 et
675 3991 853 4079 Margareta
867 3990 959 4056 dictis
975 3989 1076 4054 Priori
1100 4002 1132 4054 et
1156 3987 1325 4055 conventui
1345 4001 1377 4053 et
1397 4011 1503 4053 eorum
1527 3986 1750 4052 successoribus
1775 3984 1854 4070 xiiij

476 4097 590 4164 solidos
613 4095 733 4184 argenti
748 4095 788 4160 ad
802 4096 879 4161 duos
902 4094 976 4160 anni
995 4094 1142 4160 terminos
1159 4131 1166 4146 ·
1181 4093 1380 4160 medietatem
1404 4092 1550 4158 videlicet
1569 4091 1608 4157 ad
1622 4091 1734 4157 festum
1751 4091 1855 4158 Sancti

477 4202 642 4272 Michaelis
657 4218 690 4270 et
703 4203 830 4270 alteram
844 4202 1042 4269 medietatem
1058 4201 1098 4268 ad
1111 4202 1225 4268 festum
1236 4203 1332 4268 Pasce
1343 4225 1400 4289 pro
1415 4200 1500 4266 omni
1516 4198 1645 4266 servicio
1660 4197 1798 4265 seculari.

539 4310 623 4376 Etsi
638 4309 799 4398 contingat
812 4309 988 4398 predictum
1001 4308 1159 4376 redditum
1173 4323 1244 4397 post
1257 4308 1393 4394 aliquem
1408 4306 1575 4372 terminum
1589 4316 1787 4393 prenotatum
1800 4325 1855 4390 per

476 4441 574 4484 unum
589 4439 727 4484 mensem
742 4415 775 4481 in
790 4427 877 4505 parte
891 4415 943 4482 vel
955 4415 990 4481 in
1002 4428 1069 4482 toto
1084 4439 1149 4482 esse
1164 4429 1273 4482 aretro
1285 4413 1370 4500 quod
1384 4413 1465 4480 absit
1478 4412 1554 4478 dum
1570 4423 1673 4477 tamen
1683 4421 1807 4498 petatru
1820 4409 1854 4472 in

563 4537 564 4540 ’
1697 4537 1855 4602 presencia
