4284 5412
1143 643 1187 712 68

1076 911 1258 985 LXXVI.

797 1099 854 1173 Be
871 1099 999 1188 triginta
1016 1101 1124 1172 notun
1142 1101 1223 1174 suta
1240 1101 1324 1191 aaut
1339 1097 1531 1172 Donatus.

541 1290 635 1357 (liant
655 1299 811 1377 presentes
834 1299 866 1353 et
880 1287 977 1352 futuri
992 1288 1078 1374 quod
1095 1313 1155 1378 ego
1169 1289 1328 1355 Walterus
1348 1287 1387 1353 de
1407 1286 1605 1353 Ridelesford
1619 1286 1658 1352 de
1682 1309 1805 1354 assensu
1828 1301 1861 1354 et

561 1418 712 1462 consensu
726 1393 851 1460 Amicis
865 1395 973 1460 uxoris
988 1421 1056 1462 mee
1071 1409 1103 1463 et
1117 1397 1268 1464 heredum
1281 1420 1423 1462 meorum
1434 1396 1507 1461 dedi
1522 1395 1657 1462 concessi
1672 1409 1704 1460 et
1718 1395 1776 1461 hao
1790 1418 1860 1481 pre-

474 1500 553 1566 senti
568 1512 652 1566 carta
665 1521 735 1562 mea
756 1498 938 1563 confirmavi
953 1499 1055 1564 Priori
1070 1500 1180 1566 domus
1195 1501 1349 1566 Omnium
1370 1501 1554 1566 Sanctorum
1571 1501 1666 1586 juxta
1685 1499 1806 1565 Dublin
1828 1514 1862 1564 et

473 1604 630 1673 canonicis
643 1603 762 1669 ibidem
771 1603 841 1668 Deo
856 1603 1061 1670 servientibus
1074 1645 1081 1657 ·
1092 1607 1221 1696 triginta
1235 1631 1349 1672 novem
1364 1631 1447 1673 acras
1456 1620 1536 1672 terre
1550 1629 1619 1672 mee
1630 1605 1663 1670 in
1674 1603 1860 1670 Donenahc-

473 1715 571 1783 broch
586 1738 646 1800 que
661 1713 818 1800 incipiunt
831 1713 870 1776 ab
885 1736 966 1798 aqua
977 1713 1016 1778 de
1030 1713 1142 1802 Dodyr
1152 1738 1258 1779 versus
1269 1714 1391 1780 Dublin
1401 1715 1497 1800 juxta
1511 1713 1628 1801 regiam
1643 1726 1769 1778 stratam
1783 1711 1861 1776 citra

475 1845 620 1910 empnem
635 1841 739 1885 versus
754 1816 877 1883 Dublin
894 1855 900 1867 ·
916 1817 1073 1883 habendas
1096 1831 1128 1883 et
1147 1817 1296 1883 tenendas
1312 1817 1351 1883 de
1365 1841 1416 1882 me
1435 1832 1466 1882 et
1480 1816 1647 1883 heredibus
1662 1817 1740 1881 meis
1755 1815 1860 1881 sibiet

474 1926 697 1995 successoribus
711 1923 773 1988 suis
788 1922 884 1989 libere
904 1922 1009 2008 quiete
1029 1923 1158 2011 pacifice
1173 1925 1212 1989 ab
1228 1923 1313 1989 omni
1328 1922 1457 1990 seculari
1473 1923 1636 1989 exactione
1651 1934 1683 1988 et
1697 1920 1858 1988 demanda.

475 2033 648 2100 Reddendo
663 2055 719 2120 pro
735 2030 818 2095 dicta
833 2043 914 2095 terra
928 2030 1089 2096 annuatim
1103 2030 1184 2094 mihi
1198 2044 1230 2096 et
1241 2030 1407 2096 heredibus
1422 2029 1498 2094 meis
1513 2054 1607 2095 unam
1619 2028 1731 2095 libram
1745 2026 1860 2117 piperis

475 2140 515 2206 ad
529 2138 691 2226 pottagium
705 2161 761 2224 pro
773 2134 858 2200 omni
873 2134 1004 2200 servicio
1018 2148 1050 2200 et
1064 2135 1228 2200 exactione
1243 2134 1381 2200 seculari.

538 2245 582 2309 Et
601 2244 626 2308 si
646 2243 764 2310 ibidem
787 2242 917 2331 triginta
938 2266 1051 2308 novem
1074 2267 1143 2309 acre
1166 2267 1230 2307 non
1248 2242 1367 2308 fuerint
1380 2242 1419 2308 de
1442 2243 1588 2330 proxima
1610 2242 1765 2328 adjacenti
1780 2255 1860 2306 terra

475 2363 582 2414 teneor
596 2346 765 2433 adimplere
776 2368 835 2432 ego
850 2358 882 2410 et
890 2344 1019 2410 heredes
1033 2345 1096 2410 mei
1111 2345 1203 2411 dictis
1216 2345 1372 2411 canonicis
1387 2360 1419 2412 et
1434 2347 1535 2411 Priori
1550 2347 1633 2413 dicte
1644 2347 1755 2412 domus
1770 2369 1860 2413 suurn

474 2453 610 2540 plenum.
655 2451 699 2517 Et
713 2475 772 2539 ego
787 2464 819 2516 et
833 2451 961 2517 heredes
976 2452 1039 2517 mei
1053 2452 1169 2518 dictam
1188 2466 1302 2518 terram
1322 2467 1430 2520 contra
1448 2479 1555 2521 omnes
1569 2454 1711 2520 homines
1725 2469 1757 2520 et
1771 2453 1859 2520 semi-

474 2580 528 2622 nas
551 2557 819 2623 warentizabimus
841 2557 989 2645 predictis
1004 2559 1105 2624 Priori
1127 2573 1159 2625 et
1184 2560 1349 2627 canonicis.
1394 2563 1439 2626 Et
1463 2577 1499 2628 ut
1517 2563 1575 2629 hec
1599 2587 1668 2628 mea
1682 2563 1814 2628 donacio
1828 2577 1860 2626 et

473 2663 629 2729 concessio
649 2675 715 2728 rata
733 2677 765 2728 et
778 2662 868 2728 firma
882 2665 1039 2752 perpetuis
1053 2667 1245 2753 temporibus
1260 2681 1439 2755 permaneat
1452 2692 1576 2755 presens
1596 2669 1746 2756 scripturn
1765 2668 1859 2756 sigilli

473 2770 535 2834 mei
550 2768 723 2833 munimine
738 2769 871 2856 dignum
886 2769 966 2834 duxi
987 2772 1205 2838 roborandum.
1250 2773 1323 2838 Hiis
1346 2773 1475 2839 testibus
1492 2813 1498 2825 ·
1514 2774 1642 2840 domino
1657 2773 1805 2840 Eustaoio
1819 2775 1859 2839 de

473 2876 565 2963 Rupe
579 2915 584 2926 ·
598 2875 706 2940 Haket
721 2876 760 2940 de
775 2875 969 2943 Ridelesford
985 2879 1202 2946 archidiacono
1214 2880 1336 2945 Dublin
1350 2919 1356 2932 ·
1368 2882 1390 2946 J
1391 2881 1513 2948 ohanne
1524 2881 1666 2946 Dormod
1680 2880 1857 2946 ·Willehno

473 2981 560 3046 Albo
577 3019 582 3030 ·
600 2980 737 3068 Hugone
753 2979 792 3044 de
807 2979 915 3045 Estam
932 3018 938 3031 ·
955 2981 1111 3048 Hosberto
1127 2982 1190 3048 Cor
1204 2996 1236 3048 et
1249 2981 1356 3047 multis
1371 2983 1447 3050 aliis.

1065 3331 1267 3406 LXXVII.

1020 3516 1077 3589 Ἐκ
1094 3522 1197 3592 tatros
1214 3531 1304 3593 trus.

571 3705 710 3772 Niversis
724 3705 783 3772 hoc
807 3729 931 3795 presens
953 3706 1104 3796 scriptum
1122 3709 1235 3775 visuris
1248 3709 1300 3775 vel
1314 3707 1465 3774 audituris
1480 3707 1635 3773 Robertus
1650 3707 1762 3796 Bagod
1776 3707 1857 3774 filins

593 3822 625 3877 et
638 3810 727 3878 heres
741 3812 861 3878 domini
876 3814 1006 3880 Roberti
1021 3816 1132 3904 Bagod
1147 3816 1278 3882 salutem
1292 3815 1326 3880 in
1337 3815 1484 3880 Domino.
1518 3813 1601 3880 Cum
1616 3814 1710 3880 frater
1721 3814 1857 3902 Nigillus

475 3940 576 4005 nuper
585 3916 676 3981 Prior
690 3917 800 3984 domus
815 3919 967 3986 Omnium
979 3920 1162 3988 Sanctorum
1173 3923 1269 4010 juxta
1277 3921 1400 3988 Dublin
1414 3935 1446 3987 et
1459 3921 1600 4006 ejusdem
1614 3921 1676 3986 loci
1687 3935 1857 3988 conventus

475 4019 650 4085 dimiserint
663 4022 868 4088 concesserint
882 4037 915 4090 et
932 4048 988 4112 per
1006 4024 1156 4113 scriptum
1177 4025 1279 4115 sigillo
1298 4049 1354 4091 suo
1373 4025 1532 4091 communi
1553 4024 1709 4114 signatum
1723 4027 1857 4093 tradide-

475 4123 538 4188 rint
552 4123 692 4211 predicto
707 4126 844 4193 Roberto
863 4130 944 4218 patri
958 4155 1029 4198 meo
1044 4146 1162 4220 septem
1177 4157 1261 4200 acras
1275 4147 1355 4199 terre
1370 4157 1443 4199 cum
1464 4133 1663 4222 pertinenciis
1679 4134 1763 4222 apud
1778 4134 1857 4224 Kyl-

474 4226 644 4315 makergan
659 4240 691 4293 et
701 4229 906 4318 quadraginta
920 4257 1003 4299 acras
1015 4247 1094 4301 terre
1109 4260 1181 4301 cum
1196 4235 1340 4302 omnibus
1350 4237 1550 4324 pertinenciis
1562 4239 1624 4303 suis
1635 4238 1669 4303 in
1681 4253 1857 4306 tenemento

475 4332 514 4397 de
526 4331 743 4400 Donenalbroc
759 4373 765 4385 ·
783 4335 891 4403 afesto
902 4337 1009 4406 Sancti
1024 4339 1188 4407 Michaelis
1203 4365 1284 4407 anno
1293 4342 1424 4408 Domini
1438 4342 1603 4410 millesimo
1618 4369 1655 4411 cc
1670 4347 1858 4436 octogesimo

474 4451 584 4506 octavo
607 4463 704 4528 usque
728 4442 768 4508 ad
792 4444 960 4510 terminum
984 4446 1211 4538 quinquaginta
1234 4473 1385 4517 annorum
1408 4450 1554 4539 proximo
1578 4454 1778 4538 sequencium
1801 4477 1858 4542 pro
