4306 5414
1146 596 1191 665 82

467 781 626 846 fructuum
637 790 847 866 proventuum
862 777 1029 863 garbarum
1043 774 1235 840 decimarum
1254 776 1451 842 oblacionum
1470 790 1621 846 terrarum
1645 782 1865 872 alteragiorum

472 899 644 952 ceterarum
664 879 898 970 contigenoium
916 892 949 944 et
970 880 1230 945 concernencium
1245 881 1400 948 antedicta
1416 883 1544 950 ecclesie
1561 886 1667 952 Sancti
1680 886 1811 952 Martini
1826 889 1866 954 de

470 989 670 1056 Rothmalrne
680 985 846 1052 Femensis
857 983 1014 1050 dioceseos
1025 984 1125 1049 ·Item
1133 983 1244 1049 dicunt
1259 985 1343 1069 quod
1358 984 1491 1051 vicarius
1502 987 1620 1054 ibidem
1634 990 1775 1079 legitime
1790 1015 1866 1056 exa·

469 1098 605 1163 minatus
628 1108 661 1162 et
675 1102 867 1182 presentatus
882 1114 938 1177 per
961 1089 1086 1156 eosdem
1105 1102 1250 1176 patronos
1264 1089 1360 1155 habet
1374 1091 1466 1156 aliam
1481 1093 1708 1161 dimidietatem
1723 1098 1865 1162 omniurn

469 1204 690 1291 premissorum
712 1210 748 1264 ut
762 1198 892 1262 honeste
907 1196 1022 1284 poterit
1036 1210 1207 1262 sustentare
1221 1221 1362 1284 reparare
1384 1213 1565 1287 supportare
1580 1203 1734 1270 deservire
1756 1206 1864 1270 minis-

469 1324 550 1376 trare
561 1309 634 1395 jura
648 1307 766 1371 honera
781 1303 937 1368 ordinaria
951 1302 1070 1367 solvere
1085 1302 1329 1390 hospitalitatem
1343 1317 1448 1371 tenere
1462 1308 1560 1374 ·Item
1570 1309 1680 1374 dicunt
1695 1311 1780 1396 qnod
1794 1336 1864 1398 pre—

468 1430 606 1483 sentatus
620 1437 684 1478 non
699 1427 746 1478 est
756 1413 884 1477 honeste
899 1410 1106 1476 condictionis
1120 1411 1186 1477 vite
1201 1425 1256 1478 aut
1270 1415 1517 1480 conversacionis
1532 1429 1579 1482 set
1592 1417 1724 1482 irrititus
1733 1418 1864 1484 diversis

470 1521 654 1588 criminibus
673 1519 854 1605 eloqueatus
869 1541 923 1582 seu
939 1541 1092 1604 asspersus
1109 1556 1115 1569 ·
1131 1518 1214 1582 Item
1229 1519 1339 1584 dieunt
1352 1520 1438 1605 quod
1452 1537 1645 1609 presentatus
1660 1549 1785 1610 quoque
1799 1549 1864 1590 non

469 1642 516 1693 est
529 1627 660 1692 idoneus
674 1625 708 1690 in
723 1623 857 1690 sciencia
871 1637 926 1688 aut
939 1622 1078 1688 moribus
1097 1637 1144 1688 set
1157 1624 1302 1689 remissus
1324 1626 1364 1690 ad
1378 1626 1558 1712 hujusmodi
1574 1653 1680 1695 curam
1699 1643 1732 1696 et
1745 1631 1862 1696 benefi-

468 1735 553 1798 cium
564 1731 737 1821 gerendum
749 1769 754 1780 ·
766 1731 847 1794 Item
857 1729 968 1794 dicunt
979 1729 1064 1814 quod
1075 1743 1268 1816 presentatus
1283 1744 1329 1796 est
1339 1733 1482 1818 perjurus
1497 1734 1572 1819 quia
1578 1735 1699 1821 juravit
1710 1736 1862 1802 archidia-

468 1864 547 1904 cono
566 1838 627 1903 loci
647 1835 702 1923 qui
720 1836 816 1901 habet
829 1834 883 1919 jus
902 1833 1105 1898 examinandi
1126 1834 1312 1899 ordinandos
1332 1835 1448 1902 scolam
1467 1861 1612 1904 exercere
1630 1841 1862 1928 gramaticelem

466 1972 522 2035 per
540 1945 710 2011 triennium
733 1942 881 2008 continue
905 1955 1070 2028 postquam
1095 1941 1237 2006 ordinem
1261 1943 1482 2008 sacerdotalem
1504 1946 1670 2033 recepisset
1693 1948 1778 2032 quod
1796 1971 1861 2013 non

465 2052 610 2140 implevit
624 2050 668 2115 sic
682 2063 802 2115 reatum
816 2046 947 2137 perjurii
962 2047 1149 2112 incurrendo
1166 2085 1173 2100 ·
1189 2048 1271 2113 Item
1287 2048 1397 2114 dieunt
1412 2050 1497 2135 quod
1518 2075 1573 2117 sua
1596 2052 1688 2140 culpa
1711 2054 1860 2142 exigente

464 2161 525 2225 fuit
539 2183 595 2248 per
609 2157 800 2223 ordinarium
824 2179 916 2220 suum
939 2177 1133 2241 susspenssus
1147 2155 1181 2218 in
1201 2179 1264 2240 qua
1287 2156 1538 2242 susspenoionem
1552 2157 1679 2222 miscuit
1697 2181 1728 2222 se
1744 2157 1860 2222 divinis

464 2265 549 2332 unde
563 2265 695 2332 incurrit
709 2277 815 2328 notam
830 2261 1060 2350 irrigularitatis
1074 2275 1107 2327 et
1121 2262 1165 2326 sic
1179 2263 1314 2327 efficitur
1327 2261 1499 2350 irrigularis
1516 2301 1522 2314 ·
1538 2262 1620 2328 Item
1635 2263 1747 2328 dicunt
1760 2264 1859 2329 eciam

464 2374 548 2459 quod
564 2373 648 2438 diota
670 2370 787 2437 vicaria
810 2370 934 2435 racione
949 2369 1191 2456 presentaoionis
1210 2371 1314 2435 minus
1328 2371 1436 2435 idonei
1456 2393 1511 2457 per
1525 2382 1691 2458 patronum
1711 2369 1860 2435 clericum

459 2484 531 2570 jure
546 2481 760 2548 devolucionis
774 2479 815 2545 ad
829 2477 1031 2544 collacionem
1052 2476 1241 2542 ordinariam
1254 2477 1314 2543 hac
1333 2477 1403 2542 vice
1422 2491 1541 2565 spectat
1554 2477 1671 2542 vicaria
1685 2477 1775 2542 etsie
1790 2501 1857 2540 ves·

463 2604 542 2655 tram
561 2588 746 2676 prelibatam
768 2583 939 2650 reverendo
959 2582 1177 2670 paternitatem
1192 2607 1248 2670 per
1261 2583 1317 2648 has
1331 2583 1435 2648 literas
1458 2596 1577 2648 nostras
1592 2596 1731 2669 patentes
1755 2582 1857 2670 sigillo

462 2712 566 2762 nostro
582 2695 621 2760 ad
637 2693 775 2759 officium
789 2691 901 2756 usitate
918 2689 1009 2778 plene
1024 2689 1238 2756 certificemus.
1269 2689 1387 2753 Datum
1402 2689 1436 2753 in
1451 2689 1581 2754 ecclesia
1593 2688 1698 2753 Sancti
1711 2687 1857 2753 Nicholai

463 2805 502 2869 dc
512 2803 645 2868 Clemen
660 2798 796 2865 secundo
807 2798 858 2862 die
869 2797 891 2862 J
893 2796 960 2861 unii
975 2819 1057 2862 anno
1069 2794 1189 2860 domini
1204 2795 1383 2860 millessimo
1399 2795 1697 2883 quadragintessimo
1712 2819 1856 2882 sexages·

461 2911 540 2974 simo
551 2948 557 2959 ·
569 2908 642 2972 Hiis
652 2906 783 2972 testibus
799 2944 805 2957 ·
821 2905 977 2994 magistris
991 2905 1138 2970 iohanne
1153 2904 1241 2968 Laff·
1253 2904 1377 2970 Thema
1391 2902 1496 2969 Faroll
1513 2941 1520 2953 ·
1535 2902 1556 2967 J
1558 2901 1680 2967 ohanne
1696 2902 1856 2967 Deveros·

461 3016 482 3081 J
485 3016 607 3080 ohanne
622 3013 762 3100 Forlong
778 3051 784 3063 ·
802 3013 927 3078 Thema
942 3012 1060 3100 Young
1074 3012 1202 3077 notariis
1216 3011 1380 3099 Pubplicis
1394 3025 1427 3076 et
1440 3010 1547 3076 multis
1563 3010 1639 3076 aliis.

900 3566 973 3667 [lbi
989 3568 1137 3643 herinis
1156 3570 1189 3643 tu
1207 3567 1235 3641 lt
1252 3565 1408 3665 zonae]

526 3760 799 3846 OhannesAlleyn
811 3759 950 3824 officialis
961 3758 1142 3847 principalis
1152 3758 1247 3825 Curie
1258 3757 1484 3845 metropolitica
1494 3756 1616 3822 Dublin
1625 3754 1747 3820 dilectis
1761 3755 1853 3820 nobis

548 3866 581 3930 in
601 3865 727 3930 Christo
746 3865 864 3930 decano
880 3864 1125 3930 Christianitatis
1148 3864 1283 3930 civitatis
1299 3864 1421 3929 Dublin
1443 3861 1611 3950 capellanis
1634 3862 1852 3950 parochiarum

458 3984 634 4038 sanctorum
645 3968 666 4033 J
668 3969 799 4033 ohannis
814 3968 1016 4055 Evangeliste
1031 3968 1126 4034 Olavi
1141 3967 1290 4033 Audoeni
1305 3982 1337 4033 et
1348 3967 1475 4034 Michee
1494 3967 1665 4054 ceterisque
1685 3968 1800 4034 curatis
1819 3984 1851 4034 et

457 4103 521 4142 non
536 4073 650 4140 curatis
669 4096 724 4160 per
746 4072 906 4137 civitatem
921 4085 953 4137 et
967 4073 1115 4138 diocesim
1130 4072 1358 4138 Dublinensem
1370 4073 1505 4139 ubilibet
1519 4073 1695 4139 constitutis
1709 4073 1850 4140 salutem.

458 4182 543 4262 Quia
564 4203 621 4244 nos
636 4179 756 4243 dudum
770 4179 805 4242 in
819 4179 953 4264 quadam
976 4204 1068 4245 causa
1090 4203 1145 4245 seu
1168 4179 1267 4245 causis
1290 4179 1487 4266 possessionis
1510 4194 1542 4246 et
1560 4179 1641 4266 juris
1655 4181 1850 4268 percipiendi

458 4288 593 4353 decimas
607 4298 731 4372 pasture
754 4299 865 4351 vocate
884 4285 914 4351 le
931 4285 1031 4374 Steyn
1053 4311 1168 4374 magna
1177 4287 1273 4372 juxta
1288 4285 1411 4352 Dublin
1436 4310 1472 4352 ac
1492 4285 1689 4373 spoliaoionis
1708 4287 1850 4372 ejusdem

456 4395 537 4460 inter
551 4393 677 4458 fratrem
692 4390 890 4456 Willelmum
907 4392 1048 4459 Stewnet
1062 4393 1203 4459 Priorem
1218 4407 1311 4480 atque
1327 4409 1516 4461 conventum
1532 4395 1643 4461 domus
1658 4397 1849 4484 ecclesieque

1665 4503 1850 4589 paroehialis
