4368 5408
1125 626 1178 701 liv

460 811 598 898 quinque
614 837 683 880 acre
698 812 779 900 prati
794 812 904 877 decem
926 834 996 875 acra
1017 823 1140 898 pasture
1166 834 1228 876 una
1243 832 1313 874 acra
1322 809 1525 896 jampnorum
1547 832 1621 875 cum
1646 810 1847 896 pertinenciis

460 920 493 982 in
508 918 538 984 le
547 943 665 1008 grange
688 918 727 984 de
742 915 930 986 Ballicullan
945 939 1001 981 sex
1017 917 1189 1004 messuagia
1211 939 1268 982 sex
1291 914 1427 1003 cottagia
1448 927 1574 980 centum
1589 928 1622 982 et
1642 916 1849 1006 quadraginta

460 1049 529 1092 acre
543 1041 624 1091 terre
640 1037 772 1113 quatuor
793 1047 862 1089 acre
877 1023 958 1110 prati
977 1022 1143 1089 tresdecim
1158 1045 1227 1088 acre
1242 1033 1366 1109 pasture
1382 1021 1444 1086 due
1468 1044 1537 1087 acre
1562 1021 1763 1108 jampnorum
1784 1037 1846 1089 tres

459 1155 528 1196 acre
543 1131 628 1196 bosci
651 1145 683 1196 et
705 1153 805 1196 unum
829 1129 1056 1196 columbarium
1081 1153 1154 1195 cum
1180 1126 1383 1216 pertinenciis
1397 1126 1431 1190 in
1447 1126 1620 1192 Olontorlre
1645 1152 1745 1192 unum
1766 1152 1845 1194 mes-

459 1234 603 1322 suagium
618 1232 757 1319 quinque
772 1231 909 1319 cottagia
922 1245 1049 1297 centum
1064 1245 1096 1298 et
1110 1231 1225 1320 viginti
1240 1255 1310 1296 acre
1326 1244 1406 1296 terre
1428 1253 1484 1296 sex
1499 1255 1568 1296 acre
1583 1231 1665 1319 prati
1687 1233 1846 1300 sexdecim

459 1362 528 1404 acre
543 1351 667 1427 pasture
689 1350 722 1402 et
743 1336 806 1402 duo
826 1360 895 1402 scre
905 1337 1108 1425 jampnorum
1130 1359 1203 1402 cum
1225 1335 1427 1423 pertinenciis
1441 1335 1475 1400 in
1493 1335 1690 1426 Donakerny
1705 1340 1845 1425 quinque

458 1443 632 1533 messuagia
656 1442 817 1508 sexdecim
839 1443 976 1530 cottagia
1000 1441 1114 1532 viginti
1136 1443 1267 1532 gardins
1292 1441 1452 1531 octoginta
1472 1468 1541 1510 acre
1566 1443 1648 1532 prati
1672 1445 1845 1511 octodecim

460 1573 529 1616 acre
549 1563 674 1638 pasture
696 1573 760 1614 una
785 1573 856 1616 acra
873 1549 1076 1638 jampnorum
1100 1562 1133 1616 et
1153 1573 1217 1615 una
1235 1573 1306 1614 acra
1327 1573 1465 1614 warrens
1489 1574 1561 1614 cum
1587 1549 1788 1637 pertinenciis
1813 1551 1846 1615 in

460 1655 627 1721 Balldowil
649 1669 782 1742 quatuor
796 1653 969 1742 messuagie
984 1653 1123 1740 quinque
1138 1651 1274 1741 cottagia
1295 1651 1467 1717 ducentum
1487 1677 1556 1720 acre
1578 1668 1658 1719 terre
1680 1654 1846 1720 duodecim

460 1785 530 1826 acre
553 1759 635 1848 prati
658 1759 824 1825 duodecim
851 1782 921 1824 acre
946 1771 1070 1846 pasture
1088 1770 1221 1844 quatuor
1247 1777 1316 1822 acre
1331 1755 1416 1820 bosci
1440 1780 1512 1822 cum
1535 1757 1737 1845 pertinenciis
1760 1759 1793 1823 in
1816 1759 1846 1825 le

459 1889 577 1953 grange
592 1863 631 1930 de
644 1863 823 1929 Balldowill
837 1861 952 1952 viginti
967 1862 1141 1950 messuagia
1154 1860 1241 1925 mille
1256 1883 1325 1926 scre
1340 1872 1421 1925 terre
1436 1874 1620 1927 sexcentum
1636 1887 1705 1928 acre
1720 1879 1845 1953 pasture

460 1983 586 2035 centum
601 1993 671 2035 acre
685 1969 771 2035 bosci
786 1969 957 2034 ducentum
972 1991 1041 2033 acre
1063 1991 1149 2033 more
1171 1991 1244 2033 cum
1266 1965 1468 2054 pertinenciis
1482 1965 1515 2031 in
1539 1967 1617 2033 cella
1645 1968 1752 2034 Sancti
1778 1971 1845 2036 Sal-

460 2074 574 2141 vatoris
592 2075 627 2140 in
653 2074 852 2162 Glandelagh
867 2097 967 2140 unum
982 2073 1213 2161 messuagiuum
1239 2072 1411 2138 ducentum
1436 2095 1505 2138 acre
1527 2089 1608 2139 terre
1630 2088 1758 2140 centum
1778 2101 1846 2142 acre

459 2198 582 2272 pasture
597 2208 669 2250 cum
685 2183 897 2272 pertinenciiis
911 2183 945 2250 ia
957 2183 1166 2247 Rathdromin
1178 2179 1412 2269 quatuordecim
1427 2202 1497 2245 acre
1512 2180 1637 2246 terrain
1648 2180 1847 2248 Killbarrock

460 2317 558 2357 unum
581 2293 789 2380 messuagium
811 2305 843 2356 et
858 2289 972 2379 viginti
994 2315 1064 2356 acre
1080 2307 1159 2356 terre
1181 2289 1215 2354 in
1237 2288 1509 2377 Calga[n]stowne
1524 2311 1623 2353 unum
1638 2288 1847 2377 messuagium

459 2413 492 2464 et
513 2397 718 2486 quadraginta
742 2422 811 2463 acre
836 2411 918 2463 terre
939 2421 1012 2463 cum
1034 2396 1235 2484 pertinenciis
1249 2395 1283 2460 in
1298 2393 1426 2460 Ballells
1450 2393 1648 2482 [Ballyallice
1663 2392 1738 2458 alias
1752 2393 1847 2483 Baly-

459 2504 578 2594 0ffryn]
593 2503 738 2570 Rectorie
754 2504 792 2570 de
805 2503 1003 2591 Ballycullan
1013 2499 1267 2591 Clogheranhide
1281 2497 1387 2565 Sancti
1397 2498 1528 2586 Georgii
1540 2497 1663 2564 Dublin
1676 2498 1848 2565 Clontorke

458 2611 488 2676 le
503 2634 621 2700 grange
636 2609 675 2675 de
691 2609 870 2677 Balldowill
888 2609 1060 2675 Meridium
1078 2608 1148 2697 [sic]
1169 2607 1276 2675 Sancti
1293 2604 1462 2671 Salvatoris
1479 2604 1513 2668 in
1527 2585 1737 2693 Glandelugh¹
1747 2604 1846 2669 Rath-

460 2713 584 2800 dromin
599 2727 631 2778 et
647 2712 776 2800 Killagh
796 2737 868 2778 cum
890 2711 1091 2801 pertinenciis
1106 2712 1140 2776 in
1155 2710 1304 2776 comitatu
1321 2708 1455 2788 Dublin,
1471 2721 1604 2795 quatuor
1624 2709 1798 2798 messuagio
1817 2725 1850 2778 et

458 2818 573 2909 viginti
588 2831 722 2904 quatuor
737 2841 806 2883 aere
820 2833 900 2884 terre
915 2843 989 2884 cum
1003 2817 1204 2907 pertinenciis
1214 2817 1248 2881 in
1262 2814 1433 2903 Kildroght
1446 2839 1545 2880 unum
1560 2833 1694 2881 castrum
1709 2815 1774 2882 sive
1789 2816 1848 2881 for-

459 2925 604 3015 tilagium
619 2923 679 2988 tria
693 2924 866 3011 messuagia
880 2923 1010 3012 triginta
1023 2947 1093 2989 acre
1107 2937 1188 2988 terre
1203 2937 1235 2988 et
1256 2947 1313 2988 sex
1328 2946 1398 2988 acre
1413 2935 1537 3010 pasture
1558 2944 1631 2986 cum
1648 2921 1850 3008 pertinenciis

460 3033 494 3095 in
524 3028 689 3118 Taghdow
711 3042 744 3094 et
776 3027 960 3117 Marygrace
989 3043 1021 3096 et
1057 3029 1188 3095 rectoria
1219 3029 1258 3095 de
1288 3029 1453 3117 Taghdow
1475 3028 1509 3092 in
1539 3028 1690 3094 comitatu
1720 3029 1849 3098 Kildare

460 3133 591 3201 rectoria
613 3133 652 3198 de
681 3131 881 3219 Rathmeeny
904 3155 976 3197 cum
998 3133 1200 3220 pertinenciis
1227 3132 1262 3197 in
1295 3133 1445 3199 comitstu
1469 3132 1626 3199 Wexford
1655 3159 1691 3201 ac
1718 3138 1850 3205 rectoria

460 3241 500 3305 de
515 3238 693 3325 Rathbarry
707 3261 781 3302 cum
804 3236 1004 3325 pertinenciis
1019 3237 1054 3303 in
1076 3237 1229 3304 comitatu
1243 3237 1357 3304 Corke.
1402 3238 1474 3318 Qua
1488 3237 1594 3304 omnia
1613 3239 1762 3327 premissa
1776 3267 1848 3308 con-

460 3370 545 3413 cessa
568 3344 655 3411 fuere
678 3343 790 3430 majori
813 3344 938 3410 ballivis
963 3344 1085 3410 civibus
1106 3360 1139 3410 et
1160 3345 1378 3412 communitati
1401 3344 1536 3411 civitatis
1554 3346 1677 3412 Dublin
1692 3360 1847 3413 eteorum

460 3448 686 3516 successoribus
709 3447 941 3536 imperpetuum
966 3471 1022 3535 per
1046 3448 1165 3516 litteras
1188 3462 1330 3538 patentes
1351 3449 1472 3515 domini
1493 3474 1595 3538 nuper
1615 3452 1698 3540 regis
1714 3452 1847 3520 Henriei

461 3555 564 3622 octavi
594 3553 682 3620 datas
705 3567 815 3640 quarto
838 3551 888 3618 die
915 3551 1078 3618 Februarii
1103 3576 1186 3617 anno
1215 3553 1305 3642 regni
1329 3553 1376 3620 sui
1409 3555 1723 3624 xxxa-Remum
1751 3557 1847 3638 Book,

461 3687 492 3750 r·
507 3673 580 3749 49'1·

1099 3855 1188 3928 XII.

910 4039 1074 4140 [Danuui
1085 4041 1223 4116 attunt
1236 4039 1397 4140 nullu]

563 4211 697 4280 linricus
708 4207 847 4274 Octavus
859 4206 910 4273 dei
921 4206 1149 4296 graciaAnglie
1158 4220 1191 4272 et
1199 4206 1331 4272 Francis
1345 4229 1404 4272 rex
1415 4203 1488 4271 fidei
1500 4204 1644 4271 defensor
1655 4217 1688 4270 et
1698 4205 1845 4272 dominus

584 4313 738 4382 Hibernie
753 4335 789 4379 ac
803 4310 837 4376 in
852 4323 933 4378 terra
947 4335 1126 4399 supremum
1135 4325 1231 4399 caput
1244 4312 1372 4378 ecclesie
1387 4311 1565 4401 Anglicane
1587 4325 1620 4378 et
1634 4312 1847 4381 Hibemicane

462 4426 606 4493 omnibus
620 4421 661 4488 ed
676 4443 753 4507 quos
768 4431 926 4508 presentes
939 4417 1041 4483 littere
1056 4431 1159 4484 nostre
1173 4416 1374 4506 pervenerint
1383 4417 1532 4486 Salutem.
1571 4417 1683 4484 Sciatis
1694 4421 1779 4505 quod
1792 4445 1849 4487 nos

1810 4527 1849 4593 de
