4284 5412
1129 645 1175 718 30

460 803 567 870 Sancti
582 803 747 870 Michaelis
762 815 794 869 et
813 803 933 869 Pasche
948 803 1036 890 equis
1057 803 1258 891 porcionibus
1276 817 1309 868 et
1330 804 1410 870 bene
1424 803 1518 871 111111
1537 803 1685 892 predictis
1700 802 1803 869 Priori
1817 815 1849 870 et

457 910 627 976 conventui
641 924 674 976 11
687 909 913 975 successoribus
927 909 990 974 suis
1004 909 1136 975 durante
1150 908 1284 975 termino
1299 909 1439 997 predicto
1453 909 1560 976 fodore
1574 908 1778 998 saxifragium
1793 932 1847 974 ex·

457 1017 552 1082 istens
563 1016 597 1080 in
608 1015 739 1104 gardino
750 1014 891 1102 predicto
902 1027 935 1081 et
946 1017 985 1081 ab
996 1013 1070 1080 inde
1081 1015 1200 1104 lapides
1211 1039 1424 1102 quoscumque
1435 1029 1590 1104 asportare
1605 1016 1645 1082 ad
1656 1015 1850 1081 voluntatem

457 1146 545 1188 snam
560 1146 633 1189 11111
643 1121 750 1188 liberis
764 1121 906 1209 ingressu
920 1135 954 1188 et
967 1145 1092 1210 egressu
1106 1123 1140 1187 in
1154 1123 1237 1189 etde
1252 1123 1384 1212 gardino
1398 1123 1548 1210 predicto.

524 1225 569 1292 Et
583 1229 662 1293 bene
671 1226 764 1294 111111
777 1228 918 1315 predicto
928 1229 950 1294 J
952 1229 1068 1294 ohanni
1084 1253 1294 1316 quascumque
1309 1231 1432 1297 arbores
1447 1230 1614 1318 peripsum
1629 1229 1782 1318 plantatas
1796 1253 1851 1294 seu

460 1333 643 1421 plantandas
658 1347 878 1420 superterram
893 1358 949 1423 per
963 1335 1098 1401 eundem
1112 1337 1291 1402 «Iohannem
1306 1349 1519 1424 recuperatam
1538 1361 1593 1402 seu
1607 1335 1851 1423 recuperandam

461 1465 553 1528 super
568 1441 688 1506 dictum
703 1455 848 1528 stagnum
863 1453 1017 1528 asportare
1036 1441 1156 1507 atinde
1171 1441 1365 1507 voluntatem
1380 1465 1467 1506 suam
1481 1440 1582 1508 facere
1596 1440 1663 1506 sine
1678 1441 1851 1506 contradic-

460 1547 545 1613 tione
565 1548 798 1634 cujuscumque.
843 1547 888 1612 Et
908 1547 934 1613 si
953 1547 1115 1636 contingat
1134 1548 1219 1634 quod
1237 1548 1318 1614 absit
1337 1547 1457 1614 dictum
1468 1546 1647 1613 Joharrnem
1671 1546 1750 1612 mori
1772 1546 1853 1612 infra

461 1653 630 1718 terminum
645 1653 822 1741 predictum
843 1667 919 1720 tunc
933 1654 1014 1720 bene
1028 1653 1121 1721 liceat
1133 1654 1261 1742 prelatis
1275 1653 1376 1719 Priori
1392 1653 1563 1719 conventui
1581 1668 1615 1719 et
1628 1652 1852 1718 successoribus

461 1760 524 1824 suis
538 1758 572 1824 in
588 1759 763 1847 predictum
785 1760 952 1848 gardinum
974 1784 1047 1826 cum
1062 1759 1265 1847 pertinenciis
1286 1759 1401 1825 intrare
1425 1773 1457 1825 et
1470 1759 1552 1824 illud
1566 1783 1639 1824 cum
1654 1758 1853 1846 pertinenciis

462 1862 609 1929 rehabere
632 1863 698 1930 sine
720 1863 965 1930 contradictione
990 1865 1225 1950 cujuscumque.
1269 1863 1314 1928 Et
1327 1863 1460 1952 predicti
1475 1863 1566 1929 Prior
1584 1878 1616 1930 ct
1630 1879 1802 1931 conventus
1820 1879 1853 1931 et

462 1992 650 2035 successores
665 1969 713 2034 sui
727 1968 846 2036 dictum
862 1970 1029 2058 gardinum
1048 1994 1121 2037 11111
1135 1970 1336 2058 pertinenciis
1356 1971 1475 2058 prefato
1490 1971 1630 2037 Johanni
1645 1971 1777 2036 durante
1791 1985 1852 2036 ter·

462 2076 549 2141 mino
564 2077 704 2164 predicto
724 2077 757 2142 in
772 2077 871 2143 forma
885 2079 1026 2166 predicta
1046 2091 1154 2144 contra
1172 2102 1385 2165 quoscumque
1404 2077 1659 2144 warantizabunt.
1703 2079 1743 2143 In
1764 2077 1852 2163 cujus

463 2180 508 2246 rei
529 2181 741 2248 testimonium
757 2197 820 2249 tam
835 2185 975 2273 sigillum
997 2209 1163 2253 commune
1178 2187 1289 2251 domus
1303 2187 1442 2274 predicte
1457 2210 1552 2272 quam
1566 2186 1705 2274 sigillum
1720 2185 1852 2274 predicti

462 2287 616 2354 Johannis
639 2288 834 2376 presentibus
857 2291 1033 2357 indenturis
1058 2291 1235 2356 alternatim
1260 2305 1333 2356 sunt
1358 2315 1503 2379 appensa.
1547 2291 1666 2357 Datum
1686 2291 1787 2379 primo
1802 2291 1852 2356 die

464 2394 603 2482 Augusti
619 2419 700 2462 anno
714 2395 804 2484 regni
819 2396 916 2486 Regis
931 2397 1063 2463 Henrici
1079 2397 1181 2483 quarti
1195 2397 1381 2464 duodecimo
1401 2410 1434 2463 11
1447 2421 1529 2464 1111
1544 2397 1674 2463 Domini
1689 2397 1853 2462 millesimo

465 2513 572 2566 ccccmo
587 2500 719 2568 decimo.

1093 2775 1223 2848 XXV.

886 2961 930 3034 lu
948 2960 1091 3052 praetia
1109 2960 1234 3045 &narrt
1252 2960 1429 3053 &raptant

533 3147 627 3213 Oiant
641 3159 798 3235 presentes
821 3158 854 3212 et
875 3146 973 3211 futuri
997 3148 1082 3234 quod
1105 3173 1164 3237 ego
1187 3149 1293 3214 Adam
1314 3148 1476 3215 Fauconer
1499 3149 1635 3215 concessi
1659 3161 1691 3214 et
1714 3149 1855 3235 quietum

553 3252 686 3319 clamavi
705 3251 808 3318 Priori
827 3265 859 3319 et
882 3253 1052 3318 conventui
1067 3253 1220 3320 Omnium
1237 3254 1422 3321 Sanctorum
1432 3255 1528 3339 juxta
1543 3254 1665 3320 Dublin
1680 3279 1737 3342 pro
1751 3279 1802 3322 me
1825 3270 1857 3324 et

466 3357 633 3424 heredibus
647 3356 724 3422 meis
738 3379 838 3420 unum
853 3355 1015 3421 denarium
1035 3357 1131 3422 annui
1151 3357 1291 3424 redditus
1306 3382 1400 3444 quem
1415 3360 1454 3424 ab
1469 3358 1587 3424 eisdem
1601 3360 1763 3427 annuatim
1778 3361 1855 3427 reci·

468 3485 541 3549 pere
563 3460 712 3529 consuevi
736 3460 776 3526 de
796 3473 878 3525 terra
900 3483 995 3545 quam
1018 3459 1195 3547 Stephanus
1218 3461 1258 3528 de
1281 3461 1311 3527 la
1337 3461 1431 3528 Were
1453 3464 1627 3530 avunculus
1654 3489 1742 3532 meus
1770 3467 1858 3533 dedit

468 3568 575 3633 domui
591 3566 744 3634 Omnium
761 3567 946 3634 Sanctorum
964 3604 970 3618 ·
987 3590 1049 3652 quc
1064 3567 1193 3653 quidem
1208 3581 1289 3636 terra
1299 3569 1385 3654 jacet
1398 3595 1440 3635 ex
1456 3571 1599 3658 opposito
1618 3573 1719 3638 crucis
1737 3572 1858 3661 lapidee

470 3673 576 3740 Sancti
593 3673 744 3762 Stephani
759 3697 801 3739 cx
815 3687 903 3761 parte
917 3673 1038 3739 boriali.
1082 3674 1258 3741 Reddendo
1276 3675 1355 3742 mihi
1373 3691 1406 3743 et
1418 3677 1586 3744 heredibus
1605 3679 1730 3746 maisin
1744 3679 1857 3745 nativi-

466 3793 531 3844 tate
548 3777 653 3844 Sancti
667 3777 822 3844 Johannis
841 3777 982 3865 Baptiste
1008 3801 1103 3844 unam
1126 3802 1227 3845 rosam
1251 3805 1346 3866 quam
1370 3783 1410 3850 ab
1432 3783 1475 3849 eis
1497 3783 1532 3848 in
1552 3785 1682 3852 ecclesia
1706 3787 1856 3853 Omnium

470 3883 655 3950 Sanctorum
678 3884 815 3972 recipcre
830 3885 979 3950 debemus
993 3908 1050 3972 pro
1075 3885 1206 3953 servicio
1229 3887 1359 3954 seculari
1380 3889 1544 3956 exactione
1568 3905 1600 3957 et
1613 3891 1776 3958 demanda.
1820 3893 1858 3958 In

469 3989 558 4074 cujus
572 3989 617 4054 roi
631 3990 844 4057 testimonium
858 4007 1033 4080 presentem
1048 4007 1164 4060 cartam
1183 3996 1279 4085 sigilli
1297 3997 1360 4063 mei
1373 3997 1576 4086 impressione
1590 4000 1743 4066 roboravi.
1787 4000 1859 4066 Hiis

469 4094 598 4160 testibus
615 4134 621 4147 ·
638 4095 764 4163 Thoma
782 4097 822 4164 de
836 4098 997 4187 Wynton:
1021 4115 1097 4168 tunc
1122 4103 1239 4189 majore
1261 4103 1384 4170 Dublin
1397 4143 1404 4156 ·
1416 4105 1607 4194 Reymundo
1629 4106 1659 4172 le
1679 4107 1857 4195 Peytevin·

470 4202 644 4270 Laurentio
667 4203 793 4270 scissore
808 4219 884 4272 tuno
898 4208 1087 4296 prepositis·
1107 4210 1245 4298 Symone
1261 4211 1389 4278 Unrede
1406 4250 1412 4264 ·
1431 4212 1569 4300 Symone
1585 4211 1696 4280 Stekes
1713 4252 1719 4264 ·
1736 4213 1859 4302 Rogero

470 4308 583 4376 clerico
598 4324 630 4374 et
644 4308 752 4375 multis
766 4309 843 4375 aliis,

1728 4531 1859 4598 XXVI.
