4284 5412
1130 609 1170 676 18

458 791 502 854 rei
517 789 728 855 testimonium
752 787 889 877 sigillum
913 801 1052 853 nostrum
1072 789 1265 876 presentibus
1280 789 1429 855 duximus
1452 791 1681 878 apponendum.
1726 792 1843 858 Datum

457 895 541 984 apud
557 896 724 984 Balilrolyn
739 895 865 960 infesto
879 895 1051 960 nativitatis
1065 895 1162 960 sancti
1173 895 1196 960 J
1197 895 1327 961 ohannis
1342 897 1491 985 Baptista.
1519 898 1615 962 Anno
1632 898 1761 962 Domini
1776 899 1845 963 mil-

458 1002 566 1066 lesimo
581 1027 643 1068 ccc.
659 1002 814 1068 tricesimo
829 1015 947 1067 octavo.

523 1109 589 1174 Nos
608 1125 711 1176 autem
731 1123 828 1176 cartas
847 1109 961 1196 scripta
979 1122 1011 1174 et
1024 1109 1128 1175 literas
1142 1110 1282 1197 predicta
1302 1111 1341 1175 ad
1356 1109 1593 1195 requisicionem
1608 1110 1709 1174 fratris
1725 1110 1847 1174 Thome

458 1241 542 1281 nunc
557 1215 673 1281 Prioris
695 1214 824 1280 ecclesie
839 1213 991 1280 Omnium
1008 1214 1193 1280 Sanctorum
1216 1213 1391 1301 supradicte
1414 1229 1520 1279 tenore
1542 1214 1738 1301 presencium
1753 1214 1847 1279 duxi-

459 1347 528 1386 mus
546 1321 814 1410 exemplificanda
859 1320 898 1385 In
917 1321 1006 1406 cujus
1024 1320 1069 1385 rei
1085 1319 1296 1386 testimonium
1312 1320 1367 1384 bas
1382 1319 1485 1384 literas
1505 1335 1622 1384 nostras
1635 1320 1704 1385 fieri
1717 1320 1847 1386 fecimus

460 1441 609 1516 patentes.
662 1428 808 1493 Testibus
828 1465 834 1478 ·
851 1427 992 1493 Waltero
1021 1427 1050 1494 le
1076 1426 1310 1514 Bermyngham
1333 1426 1507 1512 justiciario
1536 1441 1640 1491 nostro
1669 1427 1844 1493 Hibernis·

460 1534 543 1620 apud
559 1533 680 1599 Dublin
696 1533 790 1598 xxix.
805 1533 856 1599 die
870 1533 893 1599 J
894 1533 961 1598 unii
975 1556 1057 1599 anno
1071 1534 1161 1622 regni
1175 1533 1272 1598 nostri
1286 1533 1406 1622 Anglie
1421 1533 1568 1598 vicesimo
1584 1533 1719 1598 secundo
1736 1572 1742 1584 ·
1759 1534 1846 1622 regni

459 1664 533 1704 vcro
548 1639 645 1703 nostri
659 1639 791 1704 Francis
805 1662 897 1703 nono.

524 1745 589 1810 Nos
612 1759 715 1811 autem
738 1759 877 1810 tenorem
896 1744 1054 1809 literarum
1078 1744 1287 1832 predictarum
1311 1744 1350 1809 ad
1372 1744 1610 1830 requisieionem
1633 1769 1718 1810 nunc
1732 1745 1847 1811 Prioris

460 1849 542 1914 dicte
557 1851 685 1916 ecclesie
697 1851 848 1916 Omnium
866 1851 1050 1916 Sanctorum
1065 1850 1361 1939 exemplificandum
1377 1850 1526 1915 duximus
1542 1875 1597 1938 per
1610 1869 1775 1939 presentes.
1808 1850 1845 1915 ln

460 1957 549 2040 cujus
567 1956 612 2020 rei
632 1956 844 2021 testimonium
858 1955 914 2020 has
928 1955 1032 2021 literas
1051 1970 1168 2022 nostras
1183 1957 1251 2022 ficri
1266 1956 1395 2022 fecimus
1409 1969 1558 2043 patentes.
1602 1957 1696 2022 Teste
1716 1957 1846 2045 meipso

461 2063 546 2148 apud
559 2062 870 2130 westmonasterium
887 2103 893 2115 ·
909 2065 1143 2150 quartodecimo
1158 2065 1208 2131 die
1224 2064 1386 2130 Februarii
1406 2087 1488 2129 anno
1509 2065 1597 2151 regni
1616 2065 1714 2130 nostri
1729 2065 1846 2152 Anglie

461 2169 609 2234 vicesimo
624 2171 742 2236 tercio·
759 2171 847 2259 regni
863 2195 937 2236 vero
952 2172 1048 2236 nostri
1064 2172 1195 2237 Francis
1209 2171 1340 2237 decimo.

1129 2520 1176 2592 X.

460 2723 606 2811 russeo
623 2723 815 2796 restauratio
832 2732 860 2794 tt
878 2723 1017 2812 marinas
1034 2723 1187 2796 accusato
1205 2726 1245 2794 ab
1260 2723 1486 2814 tmprusauum
1505 2728 1559 2796 &a
1576 2725 1695 2796 tentat
1711 2725 1846 2799 nutri

461 2842 597 2913 streuui.

550 3029 676 3096 Icardus
691 3028 752 3092 Dei
768 3028 871 3116 gracia
886 3029 958 3094 Rex
973 3030 1092 3119 Anglie
1114 3047 1146 3098 et
1161 3034 1292 3101 Francis
1307 3048 1339 3100 et
1354 3033 1498 3098 dominus
1513 3034 1668 3100 Hibernia
1691 3032 1846 3100 Omnibus

571 3135 611 3202 ad
626 3157 702 3220 quos
717 3145 872 3221 presentes
886 3133 975 3200 litere
990 3139 1189 3223 pervenerint
1204 3140 1343 3206 salutem.
1387 3139 1587 3226 Inspeximus
1599 3153 1713 3206 cartam
1729 3140 1847 3205 domini

461 3239 592 3307 Henrici
608 3239 765 3326 quondam
781 3237 878 3326 Regis
892 3239 1011 3327 Anglie
1027 3243 1232 3329 progenitoris
1247 3242 1344 3308 nostri
1359 3241 1487 3308 ecclesie
1499 3242 1651 3308 Omnium
1665 3244 1847 3310 Sanctorum

460 3349 494 3413 in
516 3347 659 3415 orientali
673 3359 760 3435 parte
775 3345 897 3412 Dublin
918 3361 950 3412 et
971 3349 1128 3415 canonicis
1146 3351 1264 3417 ibidem
1280 3350 1349 3416 Deo
1371 3351 1576 3417 servientibus
1591 3351 1703 3416 factmn
1719 3388 1725 3400 ·
1741 3350 1775 3415 in
1789 3351 1847 3415 hec

462 3459 565 3522 verba.

526 3563 681 3630 Hearious
695 3561 759 3626 Dei
773 3561 878 3649 gracia
893 3562 964 3627 Rex
979 3563 1098 3651 Anglie
1113 3578 1145 3629 et
1160 3563 1227 3628 dux
1239 3561 1431 3628 Normannie
1446 3576 1478 3627 et
1489 3560 1685 3646 Aquitannie
1700 3573 1732 3625 et
1746 3583 1847 3625 eomes

462 3669 649 3758 Andegavie
666 3707 671 3718 ·
688 3667 941 3755 Archiepiscopis
957 3668 1108 3757 episcopis
1128 3670 1291 3736 abbatibus
1311 3668 1477 3735 comitibus
1490 3668 1658 3734 baronibus
1668 3665 1847 3752 justiciariis

464 3773 697 3840 vicecomitibus
711 3785 744 3837 et
757 3772 901 3838 omnibus
920 3771 1068 3838 ministris
1087 3788 1119 3839 et
1133 3775 1278 3840 fidelibus
1296 3775 1359 3840 suis
1374 3774 1513 3840 Franoiis
1527 3775 1672 3863 Anglicis
1687 3789 1718 3840 et
1733 3773 1847 3839 Hiber-

464 3880 622 3946 niensibus
641 3877 780 3942 salutem.
827 3876 938 3941 Sciatis
952 3899 1001 3942 ms
1017 3877 1137 3944 dedisse
1152 3894 1184 3945 et
1199 3880 1417 3966 concess[iss]e
1432 3894 1464 3944 et
1478 3881 1537 3946 hac
1557 3903 1627 3946 mea
1640 3893 1723 3945 carta
1737 3879 1847 3944 confir-

464 4009 561 4050 masse
576 3982 704 4050 ecclesie
713 3981 866 4048 Omnium
877 3983 1061 4050 Sanctorum
1070 3987 1104 4051 in
1119 3987 1262 4052 orientali
1276 4001 1363 4076 parte
1379 3987 1500 4053 Dublin
1515 4001 1547 4052 et
1561 3986 1717 4052 canonicis
1731 3985 1847 4050 ibidem

464 4093 534 4156 Deo
552 4087 757 4156 servientibus
765 4087 820 4152 has
834 4099 929 4152 terras
944 4087 1062 4153 scilicet
1073 4128 1079 4139 ·
1091 4090 1343 4178 Balencongalan
1354 4129 1361 4141 ·
1373 4091 1513 4157 Kanturo
1525 4130 1531 4142 ·
1542 4091 1728 4156 Duncarnac
1740 4128 1746 4140 ·
1757 4088 1846 4154 Bale-

466 4196 594 4285 dubgsll
611 4233 617 4247 ·
634 4195 828 4282 Rubanagan
844 4233 850 4244 ·
864 4195 1062 4262 Onoclislann
1080 4236 1086 4248 ·
1103 4199 1284 4265 Kaldronan
1301 4239 1307 4250 ·
1323 4201 1550 4288 imperpetuam
1564 4211 1596 4264 et
1610 4223 1720 4287 puram
1734 4197 1847 4262 elemo-

465 4304 564 4368 sinam
579 4325 635 4391 pro
654 4300 751 4367 salute
770 4299 872 4364 anime
894 4325 963 4368 mee
987 4317 1018 4368 et
1033 4317 1259 4370 antecessorum
1278 4329 1419 4371 meorum
1439 4330 1511 4372 cum
1527 4305 1654 4370 decimis
1669 4317 1702 4369 et
1715 4301 1848 4388 antiquis

466 4405 606 4473 terminis
617 4417 649 4470 et
659 4403 727 4469 aliis
735 4401 841 4470 liberis
852 4405 1127 4473 consuetudinibus
1139 4407 1201 4472 suis
1212 4446 1218 4459 ·
1229 4407 1309 4474 siout
1317 4409 1428 4476 melius
1440 4423 1510 4475 ante
1522 4410 1690 4476 adventum
1703 4431 1806 4473 meum
1815 4408 1849 4471 in

1694 4514 1848 4580 Hibernia
