4284 5412
1161 628 1206 696 62

489 810 627 877 seculari.
674 809 767 876 Salvo
791 809 917 874 redditu
937 806 1058 871 domini
1080 807 1167 872 feudi
1190 807 1230 872 de
1252 807 1385 873 dimidia
1408 831 1512 874 marca
1533 810 1654 898 argenti
1677 811 1835 878 reddenda
1858 838 1876 878 a

488 917 579 982 dictis
599 916 755 982 canonicis
770 914 898 979 domino
913 913 1000 979 feudi
1015 914 1137 979 duobus
1151 913 1292 979 terminis
1306 914 1380 980 anni
1397 953 1403 966 ·
1420 915 1539 982 scilicet
1557 916 1758 982 medietatem
1772 918 1812 982 ad
1826 919 1873 982 in-

488 1022 672 1088 vencionem
689 1021 801 1086 Sancte
817 1019 926 1085 Crucis
941 1034 973 1084 et
987 1019 1214 1085 dimidietatem
1229 1019 1269 1084 ad
1283 1020 1396 1085 festum
1413 1020 1520 1086 Sancti
1531 1021 1705 1088 Michaelis.

554 1129 598 1193 Et
611 1140 648 1192 ut
661 1127 720 1191 hec
735 1149 805 1190 mea
820 1123 951 1190 donacio
966 1137 998 1188 et
1012 1124 1169 1191 concessio
1188 1138 1255 1190 rata
1275 1138 1307 1190 et
1321 1125 1410 1192 firma
1424 1127 1536 1191 futuris
1551 1127 1741 1216 temporibus
1756 1152 1875 1216 perma-

489 1247 562 1300 neat
576 1257 700 1322 presens
723 1233 873 1319 scriptum
896 1231 991 1320 sigilli
1013 1231 1076 1298 mei
1096 1233 1297 1320 impressione
1317 1233 1376 1299 feci
1392 1235 1589 1300 communiri.
1633 1235 1706 1300 Hiis
1721 1236 1874 1302 testibus·

491 1342 629 1430 Hugone
650 1340 748 1428 Tyrel
768 1339 949 1406 ·Willelmo
964 1340 1075 1429 Feypo
1094 1379 1100 1394 ·
1118 1343 1256 1430 Hugone
1276 1342 1315 1408 de
1339 1343 1448 1408 Estam
1468 1343 1653 1428 willelmo
1677 1344 1716 1409 de
1740 1343 1878 1408 Frenes·

488 1450 593 1514 Alano
601 1448 667 1513 filio
675 1447 830 1514 Willelmi
840 1487 846 1499 ·
857 1448 1019 1515 Willelmo
1031 1449 1250 1517 Berthelemeb
1263 1450 1429 1538 ·Philippo
1445 1450 1483 1516 de
1494 1450 1564 1516 Rad
1580 1489 1587 1502 ·
1604 1450 1739 1516 Ricardo
1751 1449 1853 1516 Ruffo.

1104 1768 1267 1840 LXVII.

826 1931 934 2006 detta
949 1935 1107 2004 unctam
1124 1950 1267 2004 stratum
1284 1933 1319 2005 ta
1336 1931 1545 2020 salmom.

558 2092 652 2159 (liant
665 2106 820 2180 presentes
835 2105 867 2157 et
880 2092 978 2157 futuri
993 2092 1079 2178 quod
1093 2116 1152 2180 ego
1168 2093 1306 2158 Thomas
1318 2093 1411 2181 Foyll
1425 2116 1549 2158 assensu
1563 2104 1595 2157 et
1608 2115 1759 2156 consensu
1770 2090 1875 2155 Matil-

571 2200 619 2264 dis
629 2199 912 2265 filieBartholomei
921 2199 1027 2265 clerici
1036 2199 1144 2264 uxoris
1155 2224 1224 2265 mee
1234 2198 1307 2264 dedi
1316 2198 1452 2265 concessi
1463 2211 1495 2263 et
1505 2198 1564 2264 hac
1573 2197 1708 2284 presenti
1717 2211 1800 2262 carta
1808 2220 1877 2261 mea

491 2303 672 2370 confirmavi
693 2303 795 2368 Priori
818 2316 851 2368 et
873 2302 1042 2369 conventui
1063 2301 1216 2367 Omnium
1239 2303 1423 2368 Sanctorum
1438 2302 1561 2369 Dubliu
1581 2341 1588 2354 ·
1605 2302 1771 2368 duodecim
1795 2326 1877 2368 acras

490 2425 570 2476 terre
593 2433 661 2476 mee
676 2408 710 2473 in
725 2407 879 2476 territorio
895 2409 934 2474 de
950 2408 1132 2497 Kylmellan
1145 2407 1180 2472 in
1202 2431 1312 2496 puram
1335 2421 1368 2473 et
1389 2422 1572 2496 perpetuam
1596 2406 1797 2474 elemosinam
1812 2447 1819 2460 ·
1834 2407 1878 2474 ita

490 2515 716 2608 perambulatas
731 2527 764 2580 et
776 2527 968 2582 mensuratas
985 2515 1066 2581 sicut
1080 2538 1130 2580 eas
1150 2539 1299 2602 umquam
1318 2514 1429 2580 melius
1443 2513 1566 2602 plenius
1585 2527 1618 2580 et
1630 2513 1758 2580 liberius
1773 2514 1877 2600 aliquo

490 2638 629 2709 tempore
645 2620 751 2686 habui.

554 2728 724 2795 Habendas
739 2741 771 2793 et
785 2730 933 2794 tenendas
948 2729 1065 2796 eisdem
1073 2728 1170 2795 libere
1182 2729 1287 2815 quiete
1301 2729 1400 2794 solute
1411 2728 1531 2816 integre
1542 2752 1615 2793 cum
1630 2727 1775 2793 omnibus
1784 2727 1876 2793 liber-

490 2836 606 2901 tatibus
621 2848 653 2900 et
667 2832 772 2898 liberis
787 2835 1064 2901 consuetudinibus
1079 2836 1119 2900 ad
1134 2835 1249 2902 dictam
1264 2849 1377 2900 terram
1392 2833 1619 2922 pertinentibus
1634 2871 1642 2886 ·
1657 2834 1702 2898 Et
1716 2857 1775 2920 ego
1791 2834 1876 2899 Tho-

491 2965 556 3005 mas
570 2952 603 3004 ct
616 2936 745 3003 heredes
768 2937 831 3003 mei
846 2938 943 3004 dictas
958 2937 1125 3003 duodecim
1145 2961 1229 3003 acras
1244 2949 1323 3003 terre
1346 2961 1419 3004 cum
1442 2937 1587 3003 omnibus
1601 2936 1800 3025 pertinenciis
1814 2936 1876 3000 suis

491 3045 582 3111 dictis
597 3043 700 3109 Priori
714 3057 747 3108 et
761 3044 930 3109 conventui
945 3057 1052 3111 contra
1071 3068 1177 3110 omnes
1192 3044 1333 3109 homines
1348 3044 1550 3110 defendemus
1564 3059 1596 3109 et
1610 3042 1877 3109 warantizabimus

491 3152 524 3216 in
547 3161 744 3238 perpetuum.
788 3148 835 3214 Ut
858 3161 961 3214 autem
984 3173 1054 3215 mea
1073 3149 1204 3215 donacio
1225 3149 1380 3216 concessio
1399 3163 1431 3215 et
1456 3162 1539 3215 carte
1562 3148 1760 3215 confirmacio
1782 3148 1876 3212 robur

491 3255 645 3322 firmitatis
664 3253 827 3342 optineant
846 3253 984 3340 sigillum
1004 3277 1110 3318 mcum
1129 3253 1204 3319 huic
1227 3255 1341 3342 scripto
1356 3255 1494 3342 apposui.
1539 3255 1612 3320 Hiis
1626 3255 1756 3320 testibus
1773 3293 1779 3306 ·
1795 3254 1876 3319 Wil-

490 3362 583 3429 lelmo
599 3361 748 3427 Bostard·
762 3359 903 3426 Galfrido
918 3361 1050 3426 Bostard
1062 3399 1069 3412 ·
1081 3361 1244 3427 Willelmo
1259 3363 1298 3428 de
1314 3362 1398 3428 Rath
1408 3362 1534 3449 juniore
1548 3400 1554 3413 ·
1569 3361 1727 3450 Stephano
1737 3361 1854 3428 Edrich
1869 3400 1875 3412 ·

490 3468 632 3534 Waltero
642 3467 762 3533 Fublee
780 3467 959 3533 ·Willelmo
969 3467 1065 3532 Ruffo
1076 3506 1082 3519 ·
1093 3468 1313 3535 Bartholomeo
1329 3469 1495 3556 Mestaylle
1507 3507 1514 3520 ·
1528 3469 1696 3558 Radulpho
1713 3468 1874 3554 Senjaunt·

493 3577 628 3644 Ricardo
644 3575 790 3662 Serjaunt
806 3614 813 3626 ·
830 3575 954 3664 Rogero
971 3575 1116 3661 Serjaunt
1130 3589 1162 3640 et
1176 3574 1253 3640 aliis.

1092 3896 1274 3970 LXVIII.

1084 4058 1142 4131 br
1159 4058 1282 4131 etstan.

559 4219 654 4286 (liant
667 4229 822 4307 presentes
839 4230 872 4284 et
884 4216 982 4282 futuri
997 4215 1082 4303 quod
1096 4239 1155 4305 ego
1170 4215 1312 4282 Matildis
1326 4215 1392 4281 filia
1405 4216 1618 4283 Bartholomei
1632 4216 1737 4284 clerici
1751 4217 1786 4281 in
1799 4217 1876 4306 legi-

579 4327 657 4392 tima
676 4323 829 4390 viduitate
851 4345 921 4388 mea
943 4322 1080 4388 concessi
1094 4333 1126 4387 et
1141 4321 1199 4388 hac
1214 4321 1350 4410 presenti
1366 4323 1481 4410 [carta]
1497 4348 1567 4390 mea
1580 4323 1762 4390 confirmavi
1776 4324 1877 4389 Priori

491 4449 523 4502 et
537 4429 706 4502 conventui
718 4428 870 4497 Omnium
880 4428 1065 4496 Sanctorum
1071 4429 1167 4515 juxta
1175 4429 1297 4496 Dublin
1308 4430 1497 4498 -duodecem
1513 4455 1596 4498 acras
1606 4445 1686 4499 terre
1701 4457 1773 4499 cum
1784 4431 1878 4519 perti-

1760 4561 1879 4604 nencus
