4368 5408
1187 615 1203 689 l

1165 890 1233 962 ΙΧ.

710 1093 856 1192 [prioris
882 1104 911 1165 rt
936 1092 1126 1166 bocurtus
1152 1107 1284 1166 suurn
1310 1089 1446 1162 nutius
1464 1081 1691 1182 attentastis]

591 1271 721 1339 Mnibus
735 1271 854 1338 Christi
873 1269 1069 1337 fidelibusad
1080 1294 1158 1358 quos
1172 1292 1299 1358 presens
1310 1269 1461 1361 scriptum
1477 1271 1655 1358 pervenerit
1669 1296 1725 1338 nos
1738 1273 1896 1340 Walterus

602 1377 756 1444 Hancolre
763 1378 854 1444 Prior
859 1378 969 1443 domus
981 1377 1046 1442 sive
1057 1377 1209 1465 prioratus
1220 1374 1441 1442 canonicorum
1448 1375 1601 1442 Omnium
1611 1379 1797 1446 Sanctorum
1801 1381 1897 1466 juxta

502 1487 663 1554 civitatem
673 1485 796 1550 Dublin
804 1486 838 1550 in
853 1485 1004 1551 comitatu
1013 1485 1136 1550 Dublin
1148 1483 1265 1550 ordinis
1274 1483 1443 1550 Aracemis
1453 1498 1486 1550 et
1494 1484 1635 1570 ejusdem
1645 1485 1709 1550 loci
1723 1502 1896 1553 conventus

502 1593 634 1659 salutem
648 1593 683 1657 in
697 1591 826 1658 domino
842 1591 1073 1679 sempitemem.
1089 1589 1249 1656 Noveritis
1261 1614 1317 1655 nos
1328 1589 1484 1678 prelatum
1495 1590 1638 1657 Priorem
1656 1607 1689 1658 et
1703 1608 1894 1660 conventum

504 1723 640 1764 unacum
663 1722 788 1764 assensu
802 1711 835 1764 et
860 1721 1013 1764 consensu
1034 1694 1148 1761 nostris
1171 1695 1282 1760 animis
1306 1695 1483 1762 deliberatis
1508 1711 1592 1762 certa
1615 1698 1750 1764 sciencia
1764 1712 1797 1764 et
1811 1723 1896 1764 mero

505 1817 594 1869 motu
619 1803 731 1869 nostris
752 1828 794 1869 ex
810 1803 997 1890 quibusdam
1011 1803 1111 1870 causis
1128 1803 1222 1889 justis
1244 1816 1277 1869 et
1291 1802 1532 1870 racionabilibus
1549 1829 1606 1870 nos
1632 1805 1752 1872 animos
1767 1821 1799 1872 et
1822 1832 1896 1872 oon·

506 1910 654 1977 scienciae
677 1925 796 1977 nostras
820 1911 997 2000 specialiter
1021 1911 1221 1976 moventibus
1235 1910 1319 1976 ultro
1344 1924 1378 1976 et
1391 1925 1501 1998 sponte
1516 1911 1637 1978 dedisse
1652 1914 1836 1980 concessisse
1862 1939 1898 1982 ac

505 2039 562 2104 per
575 2032 733 2105 presentes
747 2016 857 2082 damus
871 2016 1071 2082 concedimus
1081 2015 1242 2082 reddimus
1256 2015 1464 2082 deliberamus
1474 2031 1507 2082 et
1521 2017 1740 2084 confirmamus
1755 2019 1898 2086 illustris-

505 2130 584 2196 simo
598 2155 634 2196 ac
648 2130 853 2197 invictissimo
868 2132 1004 2220 principi
1019 2145 1051 2197 ct
1060 2130 1189 2198 domino
1204 2144 1309 2196 nostro
1319 2131 1460 2198 Henrioo
1475 2145 1586 2198 octavo
1599 2133 1650 2198 dei
1665 2134 1769 2221 gracia
1778 2134 1898 2222 Anglie

506 2253 538 2304 et
560 2238 691 2304 Francie
713 2237 781 2326 regi
799 2237 877 2302 fidei
892 2236 1047 2303 defensori
1062 2236 1190 2302 domiuo
1206 2235 1362 2302 Hibernis
1386 2260 1421 2302 ac
1444 2235 1478 2302 in
1504 2237 1594 2302 terris
1607 2261 1752 2325 supremo
1768 2238 1897 2306 ecclesie

506 2344 684 2434 Anglicane
706 2357 739 2409 et
760 2341 973 2408 Hibernicane
992 2344 1050 2408 sub
1066 2340 1192 2407 Christo
1207 2340 1303 2428 capiti
1318 2353 1416 2406 totam
1433 2341 1549 2408 dictam
1570 2343 1699 2408 domum
1714 2343 1780 2410 sive
1800 2344 1897 2431 prior-

508 2467 593 2515 atum
609 2465 748 2515 nostrum
760 2448 913 2514 Omnium
926 2447 1111 2513 Sanctorum
1118 2446 1331 2534 predictorum
1340 2470 1375 2512 ac
1384 2460 1483 2512 totam
1492 2447 1621 2514 domum
1637 2448 1771 2514 fundum
1786 2451 1898 2516 scitum

508 2557 661 2622 ambitum
671 2553 905 2643 etprecinctum
916 2551 1075 2618 Prioratus
1086 2551 1152 2618 sive
1167 2551 1278 2618 domus
1292 2551 1436 2640 religiose
1448 2552 1601 2619 Omnium
1612 2555 1796 2622 Sanctorum
1805 2558 1901 2642 juxta

509 2664 669 2730 civitatem
686 2663 810 2728 Dublin
826 2661 998 2749 predictam
1013 2685 1049 2726 ac
1064 2674 1162 2726 totam
1185 2660 1348 2750 ecclesiam
1368 2660 1541 2749 campanile
1556 2675 1589 2728 ot
1602 2662 1795 2729 cemiterium
1819 2665 1900 2750 ejus-

511 2770 583 2836 dem
597 2769 751 2857 prioratus
766 2767 831 2833 sive
841 2767 952 2832 domus
966 2765 1110 2855 religiose
1125 2766 1273 2853 predicte.
1296 2765 1364 2832 Nec
1378 2790 1443 2830 non
1458 2766 1563 2832 omnia
1577 2767 1714 2833 maneria
1728 2769 1902 2856 mesangia

513 2891 608 2942 terras
632 2887 811 2942 tenemento
836 2874 977 2940 redditus
1000 2873 1195 2940 reverciones
1218 2887 1251 2939 et
1274 2872 1408 2940 servicia
1431 2872 1612 2938 molendina
1635 2889 1722 2960 prata
1741 2899 1856 2962 pascua
1870 2890 1902 2940 et

512 2996 651 3071 pasturas
666 2982 758 3046 silvas
772 2982 866 3047 bosca
880 2982 1032 3047 subbosca
1046 2979 1155 3044 domos
1167 2979 1292 3045 edificia
1300 2979 1446 3067 grangias
1456 2979 1567 3044 horrea
1581 2979 1701 3046 stabula
1711 2981 1902 3046 columbaria

513 3087 659 3175 piscarias
669 3111 810 3153 warrens
824 3086 999 3152 annuitatcs
1014 3109 1108 3172 aquas
1124 3099 1233 3174 stagna
1246 3083 1394 3152 rectoriae
1402 3084 1534 3166 vicatim
1549 3084 1640 3150 feoda
1654 3083 1790 3150 militum
1807 3087 1900 3150 advo-

513 3194 649 3259 cationes
664 3206 844 3281 patronatus
855 3190 1054 3258 eeclesiarum
1070 3190 1258 3277 capellarum
1273 3204 1306 3254 et
1320 3189 1526 3254 centuriarum
1541 3213 1808 3277 quarumcumque
1828 3215 1902 3278 pen·

513 3300 617 3366 ciones
646 3298 808 3388 porciones
822 3297 958 3365 decimas
973 3297 1144 3365 oblationes
1173 3296 1274 3363 curias
1294 3297 1372 3362 letas
1395 3297 1498 3362 visum
1513 3296 1654 3362 francum
1670 3320 1705 3362 ac
1735 3297 1903 3385 perquisita

515 3420 547 3472 et
571 3406 711 3494 proficua
733 3405 903 3472 earundem
927 3429 963 3471 ac
988 3403 1093 3469 omnia
1108 3404 1168 3469 alia
1188 3404 1263 3491 jura
1287 3401 1492 3491 possessiones
1517 3415 1549 3468 et
1567 3402 1813 3470 hereditamenta
1828 3428 1902 3490 que-

516 3537 651 3599 cumque
680 3525 744 3578 tam
767 3509 941 3600 spiritualia
955 3534 1049 3597 quam
1079 3509 1263 3597 temporalia
1277 3509 1502 3596 cujuscumque
1517 3509 1640 3597 generis
1652 3509 1703 3574 vel
1717 3523 1827 3575 nature
1842 3511 1905 3576 sint

516 3641 570 3682 seu
580 3615 694 3703 speciei
702 3615 988 3702 atquibuscumque
999 3613 1178 3680 nominibus
1187 3627 1370 3679 censeantur
1379 3639 1433 3680 seu
1442 3628 1669 3702 cognoscentur
1679 3641 1750 3682 oum
1760 3620 1905 3686 omnibus

517 3736 549 3787 et
577 3721 708 3808 singulis
737 3744 846 3786 eorum
870 3719 996 3804 juribus
1025 3717 1174 3783 membris
1202 3731 1235 3784 et
1263 3718 1464 3806 pertinenciis
1490 3720 1523 3785 in
1557 3720 1756 3788 comitatibus
1783 3724 1905 3792 Dublin

519 3826 622 3892 Midie
638 3824 767 3890 Kildare
783 3823 889 3888 Louth
906 3822 1089 3911 Tipperarie
1116 3822 1289 3889 Kilkennie
1313 3841 1345 3889 et
1369 3823 1444 3890 alibi
1469 3825 1662 3912 ubicumque
1687 3827 1768 3894 infra
1792 3843 1905 3898 terrem

520 3932 598 3998 dicti
613 3929 733 3998 domini
748 3929 830 4018 regis
845 3929 1001 3994 Hibernia
1015 3929 1119 3995 eidem
1134 3929 1243 3996 domui
1257 3928 1402 4018 religiose
1417 3929 1523 4016 aliquo
1534 3931 1628 3997 modo
1648 3935 1826 4020 spectancia
1840 3937 1906 4004 sive

519 4037 721 4128 pertinencia.
736 4037 787 4103 Ac
800 4035 981 4101 omnimodo
996 4049 1095 4101 canas
1110 4035 1287 4102 evidencias
1303 4035 1417 4123 scripta
1427 4049 1461 4101 et
1469 4037 1664 4104 munimenta
1673 4041 1747 4126 jura
1756 4067 1906 4128 quaeum.

521 4171 582 4233 que
615 4145 699 4210 dicte
728 4141 836 4208 domui
871 4140 1015 4230 religiose
1044 4141 1095 4206 vel
1127 4140 1278 4230 prioratui
1304 4165 1340 4206 ac
1369 4141 1514 4207 maneriis
1544 4144 1632 4209 terris
1660 4161 1692 4210 et
1719 4153 1907 4217 tenementis

520 4277 555 4318 ac
578 4250 687 4316 ceteris
708 4246 865 4336 premissis
886 4271 959 4313 oum
981 4245 1180 4334 pertinenciis
1201 4270 1255 4314 seu
1281 4246 1411 4332 al[i]eui
1432 4246 1506 4312 inde
1531 4250 1664 4336 parcelle
1688 4257 1907 4339 quoquomodo

521 4356 697 4447 spectancia
725 4368 758 4421 et
783 4352 1014 4420 concernencia.
1082 4350 1150 4418 Neo
1172 4377 1237 4418 non
1259 4353 1363 4418 omnia
1392 4355 1475 4420 bona
1496 4355 1620 4421 cattalla
1648 4359 1793 4426 utensilia
1818 4387 1907 4428 orna-

522 4477 628 4532 menta
637 4463 753 4550 jocalia
776 4476 808 4526 et
825 4458 931 4526 debita
945 4459 1028 4526 dicte
1043 4459 1151 4525 domui
1173 4459 1237 4526 sive
1258 4459 1407 4548 prioratui
1423 4461 1689 4548 qualitercumque
1704 4465 1810 4532 debita
1823 4493 1908 4557 spec-

1806 4577 1908 4644 tancia
