4284 5412
1129 625 1174 697 52

1120 871 1181 946 LL

459 1059 516 1133 Bc
534 1057 588 1131 Ito
612 1070 697 1132 motu
721 1071 750 1132 st
766 1057 859 1132 tntu
876 1058 956 1132 tuot
971 1057 1120 1150 tertuum
1143 1071 1172 1132 rt
1190 1058 1395 1133 destruunt
1413 1056 1580 1132 Omnium
1598 1059 1797 1145 §senonen
1814 1081 1846 1134 u

462 1200 529 1253 one
545 1193 630 1271 potu
647 1194 676 1255 rt
688 1183 746 1268 fi.
758 1183 923 1256 tumturn
937 1183 973 1253 te
983 1181 1107 1272 moute
1124 1199 1156 1252 ot
1173 1178 1272 1254 stuta
1290 1179 1366 1252 πίττα
1384 1181 1558 1254 mention
1573 1183 1610 1253 tr
1621 1180 1828 1270 ttulntotopt

558 1369 697 1435 Niversis
708 1367 763 1434 hes
774 1367 878 1434 literas
892 1367 1004 1433 visuris
1014 1366 1066 1432 vel
1078 1366 1229 1433 audituris
1241 1366 1412 1434 Nicholaus
1423 1368 1462 1434 de
1474 1368 1600 1434 Houete
1614 1369 1703 1436 miles
1718 1369 1848 1437 salutem

572 1474 606 1541 in
621 1473 768 1539 Domino.
813 1472 896 1539 Oum
909 1473 948 1538 lis
971 1486 1056 1538 mota
1069 1473 1177 1539 fuisset
1192 1474 1311 1539 dudum
1325 1474 1408 1541 inter
1430 1499 1480 1541 me
1495 1489 1653 1563 petentem
1667 1500 1760 1565 super
1782 1501 1846 1542 ms·

463 1582 585 1648 nerium
601 1580 639 1645 de
655 1576 839 1666 Balydovrel
853 1601 925 1643 cum
949 1576 1011 1641 suis
1034 1575 1234 1664 pertinenciis
1257 1601 1300 1642 ex
1322 1602 1385 1643 uns
1402 1593 1490 1666 perte
1513 1593 1545 1644 et
1559 1579 1700 1645 Priorem
1723 1596 1755 1647 et
1775 1604 1847 1645 oon·

463 1701 594 1754 ventum
608 1686 737 1753 ecclesie
752 1685 905 1753 Omnium
918 1686 1103 1751 Sanctorum
1114 1685 1210 1770 juxte
1224 1685 1346 1750 Dublin
1360 1710 1404 1752 ex
1418 1685 1521 1752 alters.
1566 1687 1610 1752 Et
1620 1710 1680 1776 ego
1694 1711 1785 1752 omne
1795 1686 1809 1772 j

463 1809 495 1859 et
509 1792 656 1858 elsmium
671 1792 755 1878 quod
770 1792 804 1856 in
818 1793 928 1858 eodem
940 1792 1078 1858 manerio
1088 1792 1185 1858 hebui
1196 1793 1247 1858 vel
1258 1793 1372 1860 habere
1387 1794 1476 1882 potui
1490 1818 1563 1859 eum
1573 1794 1635 1859 suis
1650 1794 1848 1882 pertinenciis

464 1924 521 1987 pro
536 1923 585 1964 me
601 1911 633 1964 et
646 1898 814 1964 heredibus
828 1897 906 1964 meis
920 1896 1037 1963 eisdem
1052 1896 1154 1962 Priori
1169 1909 1201 1962 et
1215 1898 1384 1964 conventui
1400 1912 1431 1963 et
1441 1898 1569 1965 ecclesie
1584 1898 1737 1965 Omnium
1753 1900 1848 1966 Ssnc-

464 2022 568 2071 torum
593 2005 732 2091 predicte
755 2003 789 2068 in
815 2017 1000 2092 perpetuum
1027 2001 1198 2068 remiserim
1219 2041 1226 2053 ·
1246 2004 1409 2069 memorati
1429 2003 1520 2068 Prior
1541 2019 1573 2070 ot
1595 2020 1766 2072 conventus
1791 2030 1846 2094 pro

464 2112 573 2177 eadem
596 2110 775 2176 remissione
799 2125 831 2176 et
846 2110 951 2197 quieta
973 2108 1162 2176 olamseione
1185 2126 1217 2175 et
1231 2134 1288 2198 pro
1302 2110 1386 2175 bono
1400 2110 1484 2198 pacis
1504 2110 1710 2199 quadraginta
1732 2134 1849 2176 marcas

465 2218 683 2304 sterlingorum
697 2215 795 2282 michi
809 2230 1027 2282 concesserunt
1043 2253 1049 2266 ·
1066 2215 1270 2302 qussquidem
1285 2217 1491 2304 quadraginta
1504 2241 1621 2282 marces
1635 2241 1685 2282 me
1700 2217 1849 2304 recepisse

465 2349 483 2390 a
497 2322 644 2410 predictis
658 2321 766 2386 Priore
789 2335 821 2386 et
836 2334 993 2386 conventu
1007 2334 1039 2385 et
1053 2319 1092 2385 de
1107 2319 1168 2384 hiis
1183 2335 1328 2407 pacatum
1350 2345 1400 2387 me
1415 2337 1507 2387 teneo
1529 2322 1725 2388 universitati
1739 2337 1848 2387 notum

465 2428 545 2494 facio
559 2443 660 2493 vestre
675 2441 707 2492 et
722 2426 762 2492 de
775 2426 837 2491 hiis
852 2425 1057 2513 quadraginta
1075 2425 1186 2491 merois
1209 2425 1327 2491 eisdem
1341 2426 1442 2491 Priori
1454 2441 1486 2492 et
1499 2427 1668 2494 conventui
1682 2453 1739 2516 pro
1753 2451 1803 2493 me
1817 2444 1850 2493 et

464 2533 631 2600 heredibus
650 2533 727 2597 meis
747 2532 889 2619 quietum
908 2530 1008 2596 clamo
1021 2530 1056 2595 in
1067 2545 1253 2619 perpetuum
1269 2570 1276 2582 ·
1292 2533 1342 2597 Ita
1356 2533 1440 2618 quod
1455 2532 1494 2598 de
1509 2532 1594 2599 dioto
1616 2535 1755 2600 manerio
1777 2559 1849 2599 cum

464 2640 526 2704 suis
540 2638 741 2728 pertinenciis
761 2663 819 2705 nec
833 2638 873 2704 de
888 2638 1036 2726 predictis
1050 2638 1256 2726 quadraginta
1269 2639 1380 2706 mercis
1398 2639 1518 2726 aliquid
1532 2639 1659 2729 exigere
1674 2641 1726 2707 vel
1740 2640 1848 2707 vendi-

466 2769 534 2809 care
556 2768 619 2808 non
634 2743 805 2832 poterimus
824 2745 858 2809 in
872 2758 1067 2832 perpetuum.
1112 2746 1151 2810 In
1176 2745 1266 2831 cujus
1288 2747 1334 2812 rei
1349 2746 1560 2812 testimonium
1576 2761 1732 2834 presentes
1746 2747 1850 2812 literas

466 2850 583 2915 eisdem
594 2849 697 2914 Priori
711 2863 743 2916 et
757 2851 926 2917 conventui
940 2849 1007 2915 {ieri
1022 2849 1082 2917 feci
1097 2865 1246 2938 patentes.
1269 2851 1387 2917 Datum
1402 2852 1436 2916 in
1451 2853 1567 2919 octabis
1584 2852 1696 2921 Sancte
1712 2853 1848 2919 Triniu-

466 2957 507 3022 tis
522 2981 603 3023 enno
616 2955 705 3045 regni
719 2957 801 3046 regis
816 2955 948 3022 Henrici
962 2954 1019 3020 filii
1034 2955 1116 3043 regis
1129 2955 1282 3021 Johannis
1297 2955 1555 3045 quinquagesimo
1570 2972 1689 3044 quarto.

1115 3302 1196 3376 LII.

1063 3489 1120 3563 Bt
1137 3492 1248 3562 totvm.

549 3678 647 3744 Atest
659 3676 812 3743 universis
826 3699 882 3765 per
900 3689 1057 3764 presentes
1079 3701 1130 3742 me
1146 3677 1265 3744 Lucam
1284 3678 1314 3744 le
1328 3678 1459 3767 Waleys
1477 3679 1628 3768 recepisse
1643 3680 1683 3747 de
1697 3682 1803 3748 Priore
1818 3697 1850 3749 ct

564 3794 722 3848 conventu
745 3779 856 3846 domus
875 3779 1028 3846 Omnium
1050 3781 1234 3848 Sanctorum
1255 3785 1352 3871 juxta
1377 3786 1500 3852 Dublin
1523 3786 1638 3876 viginti
1664 3805 1696 3856 et
1718 3807 1849 3877 quatuor

466 3913 584 3958 marces
599 3887 718 3976 argenti
732 3911 789 3976 pro
800 3889 862 3954 fine
870 3888 952 3955 fecto
967 3913 1059 3978 super
1073 3893 1284 3960 convencione
1299 3894 1429 3960 manerii
1444 3895 1483 3961 de
1499 3895 1655 3985 Balydoyl
1667 3936 1674 3951 ·
1687 3899 1770 3965 unde
1785 3899 1849 3987 pla·

467 3999 565 4064 eitum
579 4005 700 4059 motum
714 3993 775 4058 fuit
787 3993 871 4059 inter
884 4018 934 4060 me
950 4009 982 4061 et
995 3995 1077 4083 ipsos
1097 4021 1200 4063 coram
1214 3999 1236 4064 J
1237 3999 1400 4066 usticisriis
1415 4001 1454 4068 de
1469 4001 1576 4069 Banco
1591 4003 1712 4070 Dublin
1727 4005 1766 4070 de
1781 4005 1849 4091 qui·

468 4105 524 4169 bus
549 4099 662 4190 viginti
677 4111 809 4186 quatuor
831 4101 942 4166 mareis
956 4101 1054 4168 fateor
1076 4125 1127 4169 me
1151 4127 1215 4172 esse
1234 4105 1326 4193 plene
1340 4120 1485 4195 pacatum
1508 4121 1541 4174 et
1559 4108 1642 4195 ipsos
1656 4109 1797 4177 Priorem
1818 4125 1851 4176 et

467 4221 658 4276 conventum
672 4205 794 4294 quietos
808 4206 908 4272 clamo
922 4221 955 4274 et
969 4209 1112 4294 sequieto
1127 4235 1183 4298 per
1196 4225 1360 4299 presentes.
1404 4214 1444 4279 In
1464 4215 1553 4300 eujus
1575 4215 1620 4281 rei
1640 4215 1851 4282 testimonium

467 4422 557 4512 regni
571 4420 653 4510 regis
668 4418 817 4486 Edwardi
832 4417 890 4484 filii
904 4419 986 4508 regis
1001 4420 1150 4488 Edwardi
1165 4422 1359 4491 duodecimo.
1763 4514 1842 4579 Lm
