4284 5412
950 657 987 704 11

921 939 1008 1012 Vll.

278 1127 368 1221 atros
385 1137 562 1218 armantur
579 1125 785 1217 tuaprtttotrs
806 1136 834 1196 rt
855 1127 1107 1201 crematuros
1123 1127 1256 1216 tticum
1278 1141 1348 1200 tunt
1363 1127 1493 1203 turcia
1512 1128 1660 1201 inanit·

279 1245 398 1321 uticus
415 1259 444 1319 rt
459 1245 670 1320 libertatibus.
722 1245 772 1318 atr
789 1245 889 1337 ptimo
905 1246 1046 1321 Brutus
1064 1247 1217 1320 tenuato(
1234 1250 1288 1321 tet.

358 1433 513 1499 Dwardus
532 1432 594 1498 Dei
616 1432 721 1521 gracia
741 1432 813 1498 Rex
831 1433 950 1522 Anglie
965 1435 1110 1501 dominus
1125 1435 1279 1502 Hibemie
1302 1449 1335 1502 et
1353 1436 1421 1501 dux
1441 1437 1658 1522 Aquitonnie·

379 1537 633 1626 Arcbiepiscopis
647 1539 800 1627 episcopis
815 1541 979 1608 abbatibus
994 1542 1148 1630 prioribus
1163 1543 1510 1610 comitibus-baronibus
1517 1545 1657 1630 justicia·

278 1646 574 1715 riisvicecomitibus
584 1648 748 1736 prepositis
759 1649 908 1714 ministris
919 1665 951 1716 et
962 1651 1106 1717 omnibus
1114 1651 1238 1717 ballivis
1248 1665 1282 1717 et
1291 1651 1436 1717 fidelibus
1446 1652 1509 1716 suis
1520 1652 1661 1718 salutern.

277 1753 473 1843 inspeximus
502 1765 618 1818 cartam
647 1777 741 1838 quam
765 1753 909 1820 dominus
933 1755 1090 1822 Henricus
1114 1755 1273 1842 quondam
1293 1757 1365 1822 Rex
1383 1757 1502 1846 Anglie
1525 1782 1658 1846 proavus

278 1873 378 1924 noster
392 1857 467 1923 fecit
480 1857 608 1924 ecclesie
624 1858 776 1924 Omnium
793 1861 978 1927 Sanctorum
994 1863 1028 1927 in
1048 1863 1190 1930 orientali
1213 1877 1300 1951 parte
1315 1864 1437 1931 Dublin
1459 1880 1492 1930 et
1505 1867 1661 1933 canonicis

278 1966 394 2034 ibidem
410 1965 480 2032 Deo
495 1965 701 2032 servientibus
717 2005 724 2018 ·
741 1967 775 2032 in
785 1968 844 2035 hec
858 1969 962 2035 rerba.

339 2072 497 2138 Henricus
508 2072 570 2138 Dei
584 2073 689 2160 gracia
703 2073 776 2140 Rex
790 2074 908 2162 Anglie
924 2088 956 2140 et
970 2075 1037 2142 dux
1052 2075 1243 2142 Normannio
1258 2089 1290 2143 et
1304 2076 1498 2163 Aquitannie
1513 2091 1546 2144 et
1559 2101 1661 2144 comes

279 2178 463 2267 Andagavie
480 2217 487 2230 ·
502 2179 757 2268 Arcbiepiscopis
780 2181 933 2270 episcopis
958 2183 1122 2250 abbatibus
1145 2183 1311 2250 comitibus
1333 2183 1500 2250 baronibus
1518 2183 1659 2269 justicia-

279 2289 329 2354 riis
348 2287 585 2354 vicecomitibus
604 2299 637 2354 et
656 2286 800 2354 omnibus
829 2287 978 2354 ministris
999 2301 1032 2354 et
1048 2287 1194 2354 fidelibus
1217 2288 1280 2354 suis
1300 2288 1439 2354 Franoiis
1459 2288 1603 2376 Anglicis
1626 2303 1659 2356 et

281 2391 539 2460 Hibemieusibus
561 2391 702 2458 salutem.
748 2391 858 2460 Sciatis
881 2416 933 2458 me
947 2392 1068 2460 dedisse
1091 2407 1124 2460 ct
1142 2394 1325 2460 concessisse
1348 2408 1381 2458 at
1402 2393 1460 2459 hac
1484 2408 1569 2459 carta
1592 2417 1661 2460 mea

280 2497 472 2564 confirmasse
492 2495 619 2563 ecclesie
640 2495 793 2562 Omnium
810 2496 994 2564 Sanctorum
1009 2495 1043 2560 in
1062 2495 1205 2562 orientali
1223 2512 1310 2584 parte
1323 2496 1445 2564 Dublin
1459 2510 1491 2562 et
1504 2499 1660 2566 canonicis

279 2601 396 2668 ibidem
418 2602 488 2667 Deo
515 2601 721 2668 servientibus
743 2601 798 2668 has
822 2615 917 2668 terras
940 2601 1060 2668 scilicet
1075 2639 1082 2654 ·
1098 2601 1349 2690 Baleucongalan
1366 2641 1372 2654 ·
1390 2603 1530 2669 Kanunc
1547 2643 1552 2654 ·
1569 2603 1660 2668 Dun-

280 2733 387 2776 oamac
403 2749 410 2760 ·
426 2708 632 2796 Baledubgall
648 2747 655 2761 ·
672 2710 868 2798 Rnbanagan
884 2747 890 2760 ·
908 2709 1108 2776 Cnoclislann
1125 2749 1131 2762 ·
1148 2709 1329 2776 Kaldronan
1345 2749 1352 2763 ·
1367 2711 1402 2775 in
1423 2723 1606 2798 perpetuam
1628 2725 1661 2777 et

277 2827 385 2906 puram
399 2817 598 2884 elemosinam
608 2839 663 2904 pro
677 2815 776 2884 salute
792 2815 895 2882 anime
910 2839 978 2882 mee
993 2827 1026 2882 et
1040 2828 1267 2880 autecessorum
1281 2839 1422 2880 meorum
1433 2853 1439 2867 ·
1449 2839 1520 2880 cum
1530 2815 1660 2882 decimis

279 2938 308 2990 et
322 2923 458 3010 antiquis
472 2923 611 2990 terminis
630 2937 662 2988 et
677 2923 745 2990 aliis
767 2923 873 2990 liberis
896 2922 1172 2989 consuetudinibus
1195 2921 1258 2986 suis
1274 2961 1281 2974 ·
1297 2921 1378 2987 sicut
1391 2921 1502 2986 melius
1516 2934 1587 2988 ante
1607 2921 1660 2988 ad·

279 3044 407 3096 rentum
428 3053 534 3095 meum
556 3028 591 3093 in
612 3029 798 3095 Hiberniam
816 3028 936 3094 habuit.
981 3028 1086 3108 Quare
1109 3027 1181 3093 volo
1206 3041 1239 3094 et
1262 3027 1393 3093 firmiter
1414 3025 1553 3115 precipio
1576 3027 1661 3114 quod

279 3136 427 3224 prefatam
441 3133 602 3202 ecclesiam
616 3147 649 3200 et
662 3135 827 3202 canonicos
841 3157 911 3200 suos
926 3148 958 3200 et
973 3157 1081 3200 omnes
1094 3157 1143 3200 res
1157 3147 1190 3200 et
1202 3147 1298 3199 terras
1312 3157 1381 3200 suas
1391 3133 1615 3198 manuteneatis
1629 3147 1662 3199 et

280 3241 457 3308 custodiatis
471 3255 504 3306 et
517 3239 684 3328 protegatis
701 3277 708 3291 ·
723 3239 842 3306 nullam
866 3240 925 3306 sibi
939 3239 992 3306 vel
1010 3241 1103 3307 rebus
1125 3239 1189 3304 suis
1207 3239 1355 3326 injuriam
1376 3238 1427 3304 vel
1441 3237 1661 3304 contumeliam

279 3347 422 3414 facientes
441 3369 500 3412 nec
519 3347 559 3411 ab
573 3344 678 3430 aliquo
692 3344 759 3410 fieri
775 3346 998 3432 permittentes.
1044 3346 1100 3412 Set
1118 3345 1228 3434 siquis
1249 3345 1308 3411 sibi
1323 3345 1357 3410 in
1371 3344 1475 3430 aliquo
1490 3343 1662 3410 forefecorit

279 3452 446 3541 plenariam
455 3452 529 3518 inde
543 3450 610 3518 sine
621 3451 773 3520 dilacione
781 3452 940 3538 justiciam
948 3453 1067 3520 faciatis
1081 3468 1113 3520 et
1123 3453 1308 3542 permittatis
1316 3451 1486 3541 predictam
1501 3449 1662 3517 ecclesiam

279 3557 390 3626 habere
409 3579 515 3622 omnes
533 3555 686 3645 predictas
703 3568 799 3622 terras
817 3569 849 3622 et
863 3557 1066 3644 possessiones
1085 3571 1117 3624 et
1139 3582 1245 3624 omnes
1258 3558 1370 3624 liberas
1384 3568 1417 3622 et
1430 3556 1572 3642 antiquas
1586 3579 1660 3621 con-

281 3663 457 3736 suetudines
480 3675 513 3728 et
531 3661 688 3728 libertates
713 3685 782 3728 suas
799 3699 805 3712 ·
822 3661 903 3730 sicut
925 3661 1035 3728 melius
1059 3674 1091 3728 et
1114 3662 1238 3750 plenius
1252 3662 1420 3728 Dermotus
1434 3661 1506 3726 Rex
1522 3659 1660 3749 Lagenie

281 3769 431 3857 predictas
450 3779 545 3834 terras
567 3767 706 3855 predicte
730 3768 859 3836 ecclesie
878 3783 950 3836 ante
973 3769 1143 3836 adventum
1162 3793 1268 3835 meum
1281 3769 1316 3833 in
1331 3767 1517 3834 Hiberniam
1532 3766 1662 3832 donavit

281 3893 309 3944 et
329 3877 442 3943 liberas
465 3876 702 3943 consuetudines
725 3892 757 3944 et
775 3877 933 3946 libertates
956 3878 1115 3946 concessit.
1159 3876 1306 3944 Testibus
1322 3915 1328 3928 ·
1345 3875 1518 3940 Laurencio
1538 3873 1659 3939 Dublin

282 3982 509 4072 archiepiscopo
526 4021 533 4034 ·
549 3983 661 4050 Edano
676 3983 763 4071 Lug:
778 3983 925 4072 episcopo
940 4022 948 4035 ·
965 3985 1003 4048 R.
1018 3983 1132 4050 comite
1148 3984 1257 4049 Destr:
1275 4021 1281 4034 ·
1297 3983 1341 4048 H.
1353 3982 1392 4048 de
1407 3981 1508 4068 Lascy
1522 4020 1527 4032 ·
1541 3981 1659 4047 Radul-

281 4089 340 4175 pho
349 4088 389 4154 de
398 4087 532 4153 Wamer
544 4125 550 4139 ·
564 4087 701 4154 Roberto
710 4087 842 4153 Poerio·
858 4087 1017 4154 Willelmo
1031 4088 1215 4155 cancellario
1225 4111 1297 4154 meo
1311 4101 1344 4154 et
1357 4087 1463 4153 multis
1477 4086 1546 4153 aliis
1558 4125 1564 4138 ·
1576 4086 1659 4176 apud

285 4191 483 4260 Dublinnam.

339 4299 405 4366 Nos
430 4310 534 4364 autem
554 4297 758 4364 donacionem
786 4297 1015 4366 concessionem
1040 4309 1073 4364 et
1098 4297 1370 4364 confirmacionem
1398 4296 1552 4384 predictas
1579 4309 1659 4362 ratas

285 4403 427 4472 habentes
452 4417 485 4470 et
503 4416 604 4492 gratas
621 4443 628 4455 ·
643 4427 694 4470 eas
716 4427 772 4492 pro
797 4403 888 4472 nobis
909 4419 941 4472 et
954 4403 1122 4472 heredibus
1139 4404 1251 4471 nostris
1277 4416 1427 4490 quantum
1450 4403 1483 4466 in
1502 4402 1592 4468 nobis
1615 4416 1661 4468 est

936 4511 998 4578 02
1461 4509 1658 4576 concedimus
