4368 5408
960 611 1025 684 lvii

292 805 385 884 prout
400 791 557 880 predictus
572 792 731 858 Walterus
748 791 902 860 Hancolre
918 819 1018 882 nuper
1033 795 1124 860 Prior
1146 795 1298 884 prioratus
1322 795 1388 860 sive
1410 795 1521 861 domus
1543 797 1683 885 predicte

291 899 325 964 in
342 900 414 985 jure
429 899 570 984 ejusdem
584 899 639 964 illa
653 899 718 964 sive
741 901 877 986 aliquam
896 901 970 968 inde
994 903 1160 990 parcellam
1184 903 1296 968 habuit
1317 902 1419 967 tenuit
1440 904 1490 968 vel
1513 903 1681 969 habetest

291 1019 396 1070 tenere
412 1005 569 1070 debuisset
583 1019 637 1072 aut
650 1003 814 1070 consuevit
831 1020 864 1072 et
878 1007 956 1072 adeo
971 1007 1063 1094 plene
1083 1021 1116 1071 et
1137 1005 1258 1094 integre
1274 1005 1358 1072 acin
1379 1018 1442 1070 tam
1457 1006 1570 1094 amplis
1586 1007 1680 1072 modo

291 1123 324 1174 et
337 1109 436 1174 forma
451 1121 544 1195 prout
557 1108 715 1195 predictus
736 1130 837 1196 nuper
851 1109 1004 1196 prioratus
1026 1109 1092 1175 sive
1115 1110 1225 1174 domus
1247 1109 1386 1174 maneria
1406 1109 1580 1196 messuagia
1601 1121 1681 1175 terre

291 1228 470 1280 tenemento
483 1237 519 1280 ac
534 1215 640 1280 omnia
653 1229 686 1280 et
699 1215 822 1304 singula
835 1215 984 1303 premissa
998 1217 1039 1282 ad
1053 1239 1164 1282 manus
1178 1231 1296 1280 nostras
1312 1215 1532 1301 quoquomodo
1547 1214 1680 1280 devene-

291 1334 366 1386 runt
379 1335 434 1387 aut
449 1321 595 1388 devenire
610 1321 787 1388 debuerunt
809 1345 815 1359 ·
843 1322 999 1388 Habenda
1023 1335 1055 1388 et
1077 1321 1213 1388 tenenda
1234 1322 1409 1410 predictum
1433 1323 1561 1388 domum
1585 1322 1680 1388 situm

291 1440 324 1492 et
344 1427 539 1515 procinctum
559 1425 635 1492 dicti
658 1449 759 1514 nuper
777 1426 931 1514 prioratus
956 1449 992 1492 ao
1015 1427 1120 1492 omnia
1142 1443 1175 1492 et
1198 1427 1322 1516 singula
1343 1428 1482 1492 maneria
1506 1429 1681 1516 messuagio

291 1549 386 1602 terras
409 1549 588 1602 tenemento
610 1559 646 1601 ac
669 1535 775 1602 omnia
799 1549 831 1602 et
853 1535 976 1624 singula
1001 1535 1150 1623 premissa
1164 1558 1361 1620 quecumque
1377 1535 1417 1600 ad
1437 1533 1557 1600 dietum
1580 1557 1680 1621 nuper

292 1641 462 1728 prioratum
477 1641 542 1706 sive
558 1641 686 1706 domum
701 1640 937 1728 spectanciavel
951 1641 1145 1728 pertinencia
1159 1639 1285 1729 prefatis
1294 1639 1404 1705 maiori
1418 1639 1542 1706 ballivis
1557 1638 1680 1706 civibus

291 1761 323 1812 et
337 1747 555 1813 communitati
570 1746 705 1812 civitatis
719 1759 823 1811 nostre
840 1745 979 1833 predicte
1002 1758 1035 1812 et
1056 1769 1164 1811 eorum
1186 1745 1412 1812 succesmribus
1433 1745 1468 1810 in
1490 1745 1588 1812 forma
1608 1769 1678 1832 pre·

291 1849 374 1915 dicta
404 1852 519 1936 absque
544 1850 764 1916 molestacione
793 1871 848 1914 seu
876 1849 1055 1937 calumpnia
1084 1849 1180 1914 nostri
1209 1848 1361 1916 heredum
1387 1849 1439 1914 vel
1467 1873 1678 1916 successorum

290 1971 464 2020 nostrorum
478 1954 699 2020 vicecomitum
718 1966 909 2019 escaetomm
924 1977 978 2018 seu
1000 1953 1130 2018 aliorum
1154 1954 1373 2020 officiaricrum
1391 1955 1443 2020 vel
1465 1955 1678 2024 ministrorum

290 2071 756 2144 nostrorumquorumcumque.
794 2056 839 2120 Et
852 2056 937 2142 quod
959 2057 1039 2122 bene
1054 2057 1146 2124 liceat
1159 2057 1276 2124 eisdem
1292 2059 1402 2146 majori
1417 2061 1541 2127 ballivis
1555 2061 1678 2130 civibus

289 2179 321 2230 ct
333 2163 552 2230 communitati
567 2164 703 2230 civitatis
718 2177 820 2230 nostre
836 2163 974 2251 predicte
989 2165 1105 2230 intrare
1119 2180 1152 2230 et
1173 2165 1299 2252 plenam
1321 2180 1353 2231 et
1374 2166 1537 2254 pacificam
1559 2191 1676 2254 posses-

289 2269 406 2336 siouem
422 2285 455 2336 et
469 2270 613 2335 seisinam
627 2293 737 2358 capere
751 2269 785 2334 in
800 2283 833 2335 et
846 2271 885 2335 de
907 2271 1047 2357 predicto
1069 2295 1170 2358 nuper
1189 2269 1327 2359 prioratu
1342 2271 1407 2336 sive
1423 2271 1516 2337 domo
1531 2273 1677 2340 maneriis

288 2377 377 2442 terris
392 2376 577 2442 tenementis
592 2399 627 2440 ac
643 2375 752 2441 ceteris
767 2375 922 2463 premissis
942 2397 1015 2439 eum
1037 2374 1182 2439 omuibus
1201 2397 1309 2438 eorum
1324 2374 1525 2462 pertinenciis
1540 2400 1575 2442 ao
1590 2375 1630 2442 de
1645 2391 1677 2442 et

287 2481 321 2546 in
336 2482 476 2568 qualibet
489 2482 564 2548 inde
578 2482 713 2571 parcella
727 2483 843 2568 absque
857 2481 1045 2548 liberacione
1061 2481 1165 2567 aliqua
1178 2505 1235 2569 per
1248 2505 1304 2546 nos
1318 2481 1371 2548 vel
1384 2481 1542 2546 ministros
1556 2497 1676 2547 nostros

288 2590 361 2657 inde
376 2591 488 2656 fienda.
533 2589 690 2656 Habenda
708 2600 741 2654 et
762 2589 897 2655 tenenda
919 2587 1094 2675 predictum
1114 2586 1243 2652 domum
1269 2585 1363 2650 situm
1387 2584 1454 2651 sive
1479 2585 1675 2674 precinctum

288 2696 363 2766 dicti
377 2720 480 2784 nuper
494 2695 648 2784 prioratus
662 2719 698 2762 ao
713 2695 818 2760 omnia
831 2709 864 2760 et
882 2694 1005 2782 singula
1026 2693 1164 2760 masena
1185 2693 1359 2780 messuagio
1379 2707 1475 2758 terras
1497 2706 1677 2760 tenementa

287 2823 321 2866 ac
357 2815 461 2867 cetera
495 2801 643 2889 premissa
678 2823 751 2866 oum
780 2799 925 2866 omnibus
948 2799 1011 2864 suis
1036 2797 1237 2886 pertinenciis
1265 2796 1383 2863 eisdem
1411 2798 1522 2884 majori
1551 2799 1675 2866 ballivis

286 2905 408 2971 civibus
423 2917 455 2970 et
469 2903 687 2970 communitati
701 2903 836 2969 civitatis
851 2917 954 2968 nostro
969 2903 1109 2990 predicte
1124 2917 1278 2968 eteorum
1293 2904 1519 2970 suecessoribus
1534 2927 1576 2970 ex
1591 2905 1674 2970 dono

287 3027 390 3078 nostro
416 3012 532 3098 absque
555 3010 660 3097 aliquo
681 3025 827 3098 compoto
848 3033 903 3075 seu
927 3009 1032 3097 aliquo
1055 3010 1116 3076 alio
1140 3033 1233 3076 onere
1259 3009 1311 3074 vel
1339 3009 1465 3076 redditu
1488 3009 1562 3076 inde
1584 3009 1675 3076 uobis

287 3119 454 3185 heredibus
468 3133 523 3183 aut
537 3118 762 3184 suecessoribus
777 3117 888 3184 nostris
903 3119 1062 3184 reddendo
1077 3117 1227 3184 solvendo
1239 3141 1293 3182 seu
1312 3115 1464 3182 faciendo.
1486 3116 1530 3182 Et
1543 3116 1674 3182 ulterius

287 3225 325 3290 de
339 3225 477 3290 uberiori
497 3225 601 3312 gracia
615 3239 719 3292 nostra
733 3226 843 3292 damus
857 3240 889 3293 et
910 3227 1110 3292 concedimus
1133 3225 1259 3314 prefatis
1273 3224 1384 3312 majori
1407 3223 1530 3290 ballivis
1552 3223 1675 3288 civibus

287 3345 318 3396 et
334 3331 553 3396 communitati
572 3331 708 3398 civitatis
729 3345 832 3398 nostre
854 3332 993 3420 predicte
1015 3345 1047 3396 et
1069 3355 1177 3397 eorum
1197 3331 1422 3397 successoribus
1444 3353 1550 3396 ornnes
1569 3329 1675 3395 exitus

287 3436 452 3502 commoda
465 3435 605 3502 redditus
619 3438 820 3504 revenciones
834 3438 1044 3504 emolumenta
1058 3452 1090 3502 et
1104 3437 1244 3526 proficua
1258 3437 1297 3504 de
1311 3438 1452 3524 predicta
1466 3459 1567 3524 nuper
1580 3437 1674 3500 domo

288 3541 351 3607 sive
375 3541 516 3629 prioratu
534 3541 681 3606 maneriis
703 3541 791 3607 terris
813 3541 997 3608 tenementis
1020 3567 1055 3608 ao
1080 3543 1190 3608 ceteris
1213 3554 1245 3608 et
1270 3542 1401 3630 singulis
1424 3541 1580 3630 premissis
1601 3567 1674 3608 cum

287 3669 394 3712 eorum
410 3647 612 3735 pertinenciis
626 3672 644 3713 a
658 3647 735 3713 festo
752 3647 858 3714 Sancti
880 3648 1048 3714 Michaelis
1062 3648 1256 3736 Archangeli
1271 3647 1382 3713 ultimo
1397 3648 1546 3735 preterito
1559 3648 1675 3716 hucus-

289 3777 347 3838 que
362 3752 585 3842 proveniencia
599 3754 796 3842 emergencia
809 3769 841 3820 et
855 3754 1035 3821 crescencio.
1085 3755 1128 3819 Et
1142 3778 1214 3820 cum
1230 3753 1374 3820 dominus
1393 3753 1547 3819 Ricardus
1560 3755 1675 3822 tercius

287 3879 387 3945 nuper
402 3881 459 3922 rex
474 3856 593 3945 Anglie
607 3881 665 3944 per
678 3857 795 3923 litteras
810 3881 878 3923 suas
890 3871 1031 3946 patentes
1051 3873 1194 3946 gerentes
1208 3859 1316 3923 datum
1331 3860 1415 3947 apud
1429 3859 1675 3927 Westmouaste-

288 3961 368 4030 rium
384 3961 618 4049 quartodecimo
633 3961 684 4026 die
699 3961 789 4027 Junii
804 3985 886 4026 anno
900 3961 991 4050 regni
1011 3961 1059 4026 sui
1082 3961 1218 4027 secundo
1233 3985 1290 4050 pro
1304 3962 1496 4029 incremento
1511 3977 1544 4029 et
1557 3963 1674 4030 releva·

288 4071 371 4138 mine
394 4069 531 4137 civitatis
553 4069 692 4157 predicte
715 4069 895 4136 remississet
910 4085 942 4135 et
955 4067 1124 4134 relaxasset
1145 4093 1201 4158 pro
1221 4093 1253 4134 se
1267 4068 1433 4134 heredibus
1448 4083 1480 4134 et
1494 4068 1675 4135 successori-

289 4179 345 4245 bus
359 4178 423 4244 suis
445 4201 503 4265 pro
527 4177 661 4242 termino
683 4175 848 4264 sexaginta
870 4199 1022 4241 annorum
1040 4189 1115 4240 tunc
1141 4175 1286 4262 proximo
1312 4174 1514 4261 sequencium
1536 4176 1576 4242 ad
1597 4190 1674 4241 tunc

290 4287 399 4373 majori
414 4283 538 4350 ballivis
553 4284 676 4350 civibus
690 4297 722 4350 ct
735 4283 953 4351 communitati
971 4283 1107 4348 civitatis
1126 4283 1265 4370 predicte
1280 4295 1434 4348 eteorum
1450 4281 1675 4348 successoribus

290 4390 622 4480 quadragintanovem
637 4388 730 4455 libras
745 4413 802 4456 sex
816 4389 930 4456 solidos
946 4402 980 4455 et
1000 4404 1070 4454 octo
1087 4387 1230 4454 denarios
1245 4411 1364 4454 annuos
1377 4387 1545 4476 parcellam
1559 4388 1674 4452 ducen-

330 4517 421 4562 msrr
445 4515 541 4560 nucu.
565 4514 630 4558 soc.
658 4517 704 4558 10.
961 4517 974 4556 r
1575 4507 1676 4556 aarum
