4284 5412
982 633 1028 706 35

305 791 469 860 Michaelis
487 805 520 857 et
534 791 627 857 aliam
646 790 844 857 medietatem
864 791 904 856 ad
918 792 1031 857 festum
1045 791 1163 858 Pasche
1178 815 1235 878 pro
1250 792 1392 858 omnibus
1406 792 1543 858 serviciis
1558 791 1686 858 actioni-

305 899 361 964 bus
384 909 416 963 et
431 895 600 962 demendis.
644 895 689 960 Et
713 895 739 960 si
759 895 920 983 contingat
941 893 1096 982 predictos
1117 895 1278 962 Simonem
1302 910 1335 964 et
1356 897 1460 964 Elium
1482 899 1611 965 heredes
1634 899 1686 965 vel

304 1003 470 1092 assignatos
490 1025 560 1067 suos
575 1001 614 1068 de
636 1001 793 1068 solucione
812 1002 952 1068 redditus
970 1003 1103 1090 predicti
1118 1027 1173 1090 per
1192 1027 1291 1069 unum
1313 1028 1450 1070 mensem
1465 1019 1535 1093 post
1548 1005 1685 1091 aliquem

304 1108 469 1194 terminum
490 1107 701 1197 predictorum
721 1108 924 1175 terminorum
944 1135 962 1176 a
981 1121 1062 1176 retro
1077 1109 1210 1177 existere
1227 1149 1234 1162 ·
1251 1111 1335 1196 quod
1349 1135 1392 1176 ex
1411 1125 1485 1177 tnnc
1499 1113 1579 1178 bene
1593 1110 1685 1176 liceat

305 1213 449 1303 predictis
469 1214 570 1280 Priori
585 1229 617 1280 et
630 1216 799 1281 conventui
822 1229 854 1281 et
876 1239 984 1282 eorum
1007 1216 1231 1282 successoribus
1244 1216 1419 1304 predictum
1433 1216 1598 1304 gardinum
1612 1240 1685 1284 cum

304 1321 500 1411 pertinenciis
514 1322 637 1410 ingredi
659 1335 691 1388 et
710 1322 790 1388 illud
812 1323 940 1410 pacifice
962 1324 1094 1390 retinere
1116 1325 1182 1390 sine
1205 1324 1448 1391 contradictione
1463 1323 1601 1410 alicujus.
1646 1323 1684 1388 ln

305 1429 391 1515 cujus
406 1429 450 1495 rei
463 1427 674 1494 testimonium
689 1427 827 1516 sigillum
841 1453 1005 1496 commune
1017 1429 1171 1497 dictorum
1182 1429 1298 1496 Prioris
1312 1444 1345 1496 et
1354 1446 1525 1497 conventus
1540 1444 1572 1495 et
1585 1429 1686 1517 sigilla

305 1534 513 1622 predictorum
530 1532 665 1599 Simonis
688 1547 721 1599 et
739 1533 811 1599 Elie
825 1533 900 1600 huic
914 1533 1079 1600 indenture
1099 1533 1274 1601 alternatim
1288 1547 1360 1600 sunt
1379 1559 1522 1625 appense.
1565 1535 1684 1600 Datum

306 1641 355 1708 die
370 1657 401 1708 et
416 1667 498 1708 anno
512 1641 705 1731 supradictis.

907 1877 1079 1950 XXXII.

829 2039 886 2114 wc
904 2041 1004 2112 rutra
1021 2039 1158 2129 garria.

406 2203 465 2270 EO
488 2204 655 2270 indentura
668 2204 749 2271 facta
762 2203 813 2270 die
829 2204 919 2270 Lune
934 2204 1079 2292 proximo
1102 2215 1174 2270 ante
1188 2203 1301 2269 festum
1320 2204 1528 2292 apostolorum
1542 2201 1683 2293 Philippi

426 2325 459 2377 et
471 2311 582 2378 Jacobi
597 2334 678 2376 anno
693 2309 781 2398 regni
795 2309 877 2398 regis
892 2309 1024 2376 Henrioi
1037 2309 1140 2395 quarti
1154 2324 1243 2376 sexto
1257 2310 1339 2376 inter
1350 2311 1489 2376 Priorem
1503 2323 1535 2376 et
1549 2335 1683 2377 conven-

306 2433 370 2484 tum
385 2417 513 2485 ecclesie
525 2417 677 2483 Omnium
694 2417 877 2483 Sanctorum
888 2416 983 2502 juxta
998 2415 1120 2481 Dublin
1129 2440 1172 2482 ex
1186 2441 1249 2481 una
1259 2429 1346 2504 parte
1357 2428 1389 2482 et
1403 2416 1559 2481 Thomam
1571 2415 1684 2481 Sobor-

307 2523 372 2590 talis
386 2523 534 2591 clericum
549 2547 591 2588 ex
606 2522 702 2589 altera
717 2559 723 2574 ·
739 2523 889 2604 testa[tur
902 2526 987 2609 quod
995 2525 1135 2608 predicti
1149 2525 1264 2608 Prior]
1281 2535 1313 2587 et
1331 2534 1502 2587 conventus
1516 2521 1556 2586 de
1577 2545 1684 2586 eorum

306 2654 427 2697 assensu
448 2643 480 2696 et
502 2653 653 2696 consensu
677 2629 895 2716 d[imise]runt
917 2643 950 2696 et
974 2629 1015 2696 ad
1039 2629 1160 2694 firmam
1183 2629 1378 2695 tradiderunt
1402 2629 1541 2717 predicto
1561 2629 1684 2695 Thome

306 2757 359 2820 pro
381 2733 512 2800 servicio
526 2723 641 2800 suoeis
654 2733 795 2819 impenso
818 2746 850 2798 et
863 2731 1074 2819 impendendo
1096 2755 1195 2797 unum
1210 2733 1375 2820 gardinum
1398 2757 1470 2799 cum
1485 2733 1683 2821 pertinenciis

306 2838 336 2904 in
358 2837 508 2904 suburbio
522 2835 657 2902 civitatis
672 2835 794 2902 Dublin
809 2874 816 2888 ·
833 2836 918 2922 quod
927 2836 1012 2922 jacet
1026 2861 1068 2902 ex
1093 2836 1234 2925 opposito
1258 2838 1389 2925 pomerii
1403 2862 1504 2926 nuper
1518 2839 1683 2906 Laurencii

309 2942 429 3032 Wylby
439 2942 535 3028 juxta
554 2941 660 3008 vicum
684 2966 745 3028 quo
764 2942 828 3007 itur
851 2943 890 3008 ab
905 2941 1034 3009 ecclesia
1054 2942 1160 3009 Sancti
1180 2944 1308 3010 Patricii
1323 2944 1364 3011 ad
1379 2943 1486 3010 fratres
1501 2944 1682 3011 Carmelita·

308 3071 359 3115 uos
380 3035 423 3115 ex
448 3060 534 3135 parte
552 3046 662 3113 boriali
686 3048 737 3114 vie
753 3086 760 3099 ·
776 3048 861 3134 quod
876 3047 973 3136 Hugo
993 3048 1163 3136 Possewyk
1183 3049 1341 3135 quondam
1362 3051 1473 3117 habuit
1501 3050 1541 3116 ad
1562 3050 1684 3116 firmam

309 3153 343 3220 de
358 3153 505 3242 predictis
520 3153 628 3218 Priore
653 3165 685 3220 et
704 3167 860 3220 conventu
877 3192 883 3205 ·
899 3154 1078 3221 habendum
1101 3169 1134 3221 et
1151 3156 1322 3222 tenendum
1345 3157 1485 3246 predicto
1500 3156 1622 3222 Thome
1644 3156 1685 3222 ad

307 3260 472 3326 terminum
482 3260 612 3349 triginta
622 3283 774 3326 annorum
784 3261 927 3349 proxime
939 3263 1139 3347 sequencium
1148 3263 1252 3331 datam
1263 3263 1462 3332 consectionis
1472 3262 1665 3351 presencium
1677 3299 1683 3312 ·

309 3363 478 3431 Reddendo
499 3364 573 3431 inde
596 3365 757 3431 armuatim
780 3365 937 3453 predictus
955 3365 1092 3432 Thomas
1114 3367 1262 3454 predictis
1285 3368 1386 3433 Priori
1407 3381 1439 3434 et
1461 3365 1630 3432 conventui
1653 3380 1685 3431 et

308 3469 528 3536 successoribus
542 3468 605 3534 suis
618 3493 714 3536 unam
728 3493 828 3534 rosam
844 3509 851 3524 ·
867 3470 1015 3537 videlicet
1028 3471 1069 3537 ad
1083 3473 1244 3558 quodlibet
1258 3473 1370 3539 festum
1391 3472 1561 3538 nativitatis
1578 3473 1684 3539 Sancti

308 3573 457 3640 iohannis
471 3573 611 3662 Baptista
625 3597 682 3662 pro
697 3574 782 3639 omni
796 3574 926 3640 servicio
946 3573 1066 3640 actione
1086 3589 1118 3641 et
1132 3576 1285 3644 demanda
1300 3614 1307 3628 ·
1323 3575 1373 3642 Ita
1387 3576 1470 3663 quod
1485 3577 1510 3642 si
1525 3577 1686 3666 contingat

308 3680 479 3766 predictum
495 3679 651 3746 Thomam
661 3679 745 3746 infra
758 3680 927 3746 terminum
941 3680 1152 3767 predictorum
1167 3681 1295 3770 triginta
1309 3705 1460 3748 annorum
1476 3683 1561 3749 obire
1577 3723 1584 3736 ·
1601 3684 1685 3770 quod

309 3799 379 3852 tunc
389 3788 470 3852 bene
480 3786 572 3852 liceat
582 3785 728 3873 predictis
743 3785 844 3851 Priori
855 3799 888 3852 et
897 3786 1065 3852 conventui
1076 3800 1224 3853 eteorum
1238 3788 1460 3854 successoribus
1474 3789 1508 3853 in
1519 3790 1684 3878 gardinum

310 3891 481 3976 predictum
495 3890 618 3979 ingredi
632 3903 665 3957 et
678 3891 758 3957 illud
772 3892 918 3957 rehabere
932 3904 965 3958 et
982 3891 1137 3979 possidere
1163 3893 1278 3978 absque
1301 3894 1544 3960 contradictione
1558 3894 1684 3981 aliquali

310 4019 360 4062 seu
373 3997 505 4082 alicujus
515 3995 748 4084 impedimento.
792 3997 837 4062 Et
850 3997 981 4086 predicti
997 3998 1087 4063 Prior
1101 4011 1134 4064 et
1146 4012 1318 4066 conventus
1332 4014 1364 4067 et
1378 4024 1485 4066 eorum
1499 4025 1685 4067 successores

309 4101 548 4168 warentizabunt
569 4101 708 4189 predicto
724 4102 847 4168 Thorne
872 4101 1037 4190 gardinum
1062 4101 1238 4190 predictum
1259 4115 1296 4169 ut
1317 4105 1493 4191 predictum
1512 4120 1558 4171 est
1576 4118 1682 4171 contra

310 4229 515 4293 quoscumque
529 4207 660 4274 durante
680 4207 813 4274 termino
827 4207 975 4296 predicto.
1019 4207 1059 4272 In
1078 4207 1167 4294 cujus
1181 4208 1226 4274 rei
1236 4207 1448 4274 testimonium
1469 4223 1533 4276 tam
1548 4209 1683 4298 sigillum

310 4335 469 4381 commune
484 4315 694 4402 predictorum
708 4314 825 4382 Prioris
839 4328 871 4382 et
884 4328 1055 4382 conventus
1070 4339 1164 4404 quam
1177 4316 1315 4405 sigillum
1329 4317 1462 4406 predicti
1477 4317 1599 4382 Thome
1614 4341 1682 4404 pre-

310 4423 442 4490 sentibus
456 4423 631 4489 alternatim
645 4435 717 4488 sunt
731 4446 874 4513 appensa.
918 4422 1037 4487 Datum
1051 4421 1103 4488 die
1117 4434 1149 4488 et
1163 4445 1244 4488 anno
1258 4421 1450 4510 supradictis.
1514 4522 1671 4587 XXXIII

956 4526 1018 4594 Fr
1675 4573 1680 4586 '
