4306 5414
948 669 1011 717 101

283 821 371 887 diant
385 822 419 888 in
435 823 521 888 omni
535 823 670 913 regulari
685 823 803 890 ordinis
816 824 1018 893 institucione
1033 839 1065 892 et
1079 827 1231 916 diciplina
1254 867 1260 880 ·
1277 829 1324 896 Ut
1337 841 1440 897 autem
1456 831 1514 900 hec
1529 837 1678 926 regularis

282 941 386 996 nostra
399 928 560 995 institucio
571 928 690 995 stabilis
701 942 733 994 et
742 928 927 995 inconvulsa
937 943 1117 1017 permaneat
1127 945 1303 1019 presentem
1313 935 1461 1023 paginam
1472 938 1567 1026 sigilli
1578 941 1676 1008 nostri

282 1031 456 1098 munimine
471 1032 747 1100 corroboravimus.
785 1031 858 1096 Hiis
874 1032 1021 1099 Testibus
1036 1051 1095 1100 etc.

922 1290 1032 1365 XVI.

282 1480 336 1554 ex
350 1483 577 1572 snttqotastau
591 1477 842 1554 artabatur
855 1479 1010 1569 atnam
1024 1476 1168 1570 §artata
1192 1476 1265 1576 [Dr
1278 1479 1668 1580 malefacientem]

803 1596 864 1674 fil.
882 1600 969 1688 ilica.
989 1596 1044 1671 tul.
1068 1622 1145 1695 143·

345 1783 434 1871 Uper
462 1782 592 1849 ecclesia
616 1781 787 1870 parochiali
815 1781 855 1846 de
882 1781 1031 1846 Tathtow
1055 1780 1090 1844 in
1116 1780 1270 1846 decanatu
1298 1782 1338 1847 de
1369 1781 1459 1849 Saltu
1490 1784 1672 1851 Salmonum

367 1890 457 1972 (olim
472 1888 553 1974 juris
567 1901 747 1976 patronatus
761 1885 833 1952 laici
847 1887 930 1951 infra
943 1885 1063 1973 script.)
1108 1885 1210 1952 Lucas
1231 1886 1434 1954 miseracione
1457 1889 1566 1956 divina
1581 1892 1671 1958 Dub-

278 1996 324 2061 lin
338 1996 603 2083 Archiepiscopua
627 1992 734 2058 divine
754 1991 878 2080 pietatis
900 1991 1020 2057 intuitu
1044 2005 1077 2057 et
1095 2015 1179 2058 sacre
1203 1993 1363 2082 religionis
1386 1997 1518 2063 obtentu
1537 1999 1577 2064 de
1599 2025 1672 2066 con·

278 2127 369 2169 sensu
384 2102 592 2190 capitulorum
606 2115 781 2166 nostrorum
799 2098 912 2165 Sancto
923 2099 1088 2164 Trinitatis
1102 2113 1135 2165 et
1151 2098 1258 2166 Sancti
1270 2101 1399 2168 Patriaii
1409 2104 1533 2171 Dublin
1548 2107 1588 2170 ad
1602 2130 1671 2194 pre-

277 2209 487 2275 sentacionem
506 2205 620 2272 nobilis
638 2204 699 2269 viri
718 2203 839 2268 domini
854 2203 997 2268 Mauritii
1012 2203 1089 2268 Filii
1104 2204 1234 2271 Geroldi
1254 2206 1288 2270 in
1307 2232 1418 2295 puram
1440 2223 1472 2276 et
1488 2230 1672 2302 perpetuam

277 2315 471 2382 elimosinam
488 2327 626 2378 -statum
650 2310 748 2399 ipsius
771 2309 931 2375 alterando
952 2347 958 2360 ·
981 2310 1139 2377 autentico
1159 2311 1274 2400 scripto
1294 2313 1435 2381 Ecclesia
1460 2315 1670 2384 Conventuali

278 2421 326 2486 sui
341 2432 521 2509 patronatus
535 2417 688 2485 Omnium
706 2415 891 2481 Sanctorum
906 2415 1003 2501 juxta
1017 2417 1149 2483 Dublin.
1165 2431 1198 2483 et
1217 2417 1375 2484 canonicis
1389 2419 1508 2486 ibidem
1523 2421 1594 2489 Deo
1609 2449 1671 2490 scr-

278 2526 436 2592 vientibus
451 2547 620 2609 eorumque
635 2521 861 2588 successoribus
873 2519 1048 2586 Ecclesiam
1062 2521 1213 2609 prefatam
1227 2523 1262 2586 in
1276 2524 1417 2612 proprios
1431 2549 1505 2591 usus
1516 2527 1550 2590 in
1561 2552 1671 2616 perpe-

278 2647 368 2700 tuum
383 2631 525 2699 contulit.
557 2630 651 2698 Salvo
666 2630 756 2697 nobis
770 2642 803 2695 et
817 2628 1044 2696 successoribus
1063 2629 1175 2695 nostris
1191 2641 1219 2694 et
1234 2641 1348 2696 cetera.
1381 2632 1475 2698 Unde
1489 2634 1672 2699 mandatum

278 2756 324 2809 est
332 2741 567 2808 Archidiacono
578 2737 781 2806 Glindacensi
799 2776 805 2789 ·
821 2735 975 2826 Magistro
984 2736 1148 2804 Willelmo
1164 2737 1280 2803 Culum
1298 2775 1304 2789 ·
1320 2752 1473 2824 quatenus
1488 2740 1587 2807 dictos
1601 2741 1671 2807 Pri-

278 2871 362 2914 orem
377 2862 410 2914 et
424 2847 588 2915 canonicos
602 2846 637 2910 in
651 2844 842 2933 corporalem
857 2843 1080 2932 possessionem
1095 2843 1193 2932 ipsius
1208 2843 1336 2910 ecclesie
1350 2844 1481 2912 inducat
1495 2859 1525 2911 et
1541 2859 1655 2912 cetera.

910 3116 1040 3190 XVII.

430 3310 557 3384 attracto
576 3325 668 3400 arpa
685 3303 894 3396 apprttattom
912 3304 946 3375 ta
965 3320 1064 3375 taras
1082 3301 1229 3377 totttoats
1245 3305 1386 3392 crustam
1403 3303 1531 3378 taliata.

806 3425 866 3501 Sl.
884 3429 971 3516 tata.
991 3423 1045 3498 [ul.
1070 3449 1148 3522 ¹43·

369 3615 507 3683 Fficialis
526 3611 658 3679 Dublin.
688 3610 827 3675 «iohanni
842 3609 881 3675 de
896 3606 1044 3674 Ardscoll
1064 3607 1236 3694 presbitero
1255 3605 1394 3670 salutem.
1440 3607 1522 3674 Cum
1538 3609 1628 3674 Prior
1643 3625 1674 3677 et

391 3734 562 3789 conventus
568 3719 720 3784 Omnium
727 3716 912 3782 Sanctorum
919 3715 1015 3800 juxta
1024 3712 1146 3778 Dublin
1161 3714 1219 3777 -ob
1230 3723 1314 3776 certa
1327 3714 1510 3798 gravamina
1523 3717 1563 3782 ab
1574 3717 1674 3783 archi-

279 3833 412 3898 diacono
428 3825 654 3894 Glindilacensi
670 3823 764 3888 vestri
784 3821 944 3887 occasione
965 3820 1005 3885 ad
1018 3819 1192 3883 Romanam
1208 3817 1337 3882 Curiam
1357 3817 1474 3883 directe
1493 3820 1677 3907 appellasset

281 3938 364 4004 etad
375 3934 540 4002 officialem
555 3931 640 3997 curie
652 3928 838 4016 Principalis
847 3925 978 3992 Dublin.
994 3924 1138 3990 similiter
1148 3923 1275 3989 tuitorie
1286 3933 1315 3987 at
1328 3934 1442 3988 cetera.
1463 3923 1676 4013 Compareatis

282 4045 316 4109 in
331 4039 464 4108 crastino
479 4035 689 4124 apostolorum
705 4032 842 4099 Simonis
857 4045 889 4097 et
902 4029 986 4095 Jude
1002 4039 1032 4092 et
1044 4039 1159 4093 cetera.
1189 4029 1274 4094 Acta
1288 4029 1408 4093 suntin
1423 4029 1553 4095 ecclesia
1569 4031 1676 4097 Sancti

282 4146 412 4215 Patricii
426 4143 558 4209 Dublin.
573 4143 607 4207 in
622 4140 756 4206 crastino
778 4139 884 4205 Sancti
900 4136 1047 4202 Nicholai
1062 4159 1143 4201 anno
1160 4135 1292 4200 Domini
1306 4135 1473 4202 millesimo
1488 4138 1675 4223 cclxxvijma

283 4279 387 4324 coram
398 4252 529 4319 officiale
542 4249 673 4316 Dublin.
690 4247 776 4330 (sede
788 4250 933 4330 vacante)
944 4247 977 4310 in
989 4243 1137 4310 tuicionis
1148 4243 1275 4333 negotio
1287 4281 1293 4295 ·
1307 4244 1391 4330 quod
1402 4243 1485 4309 inter
1492 4244 1634 4309 Priorem
1646 4261 1678 4311 ct

283 4375 475 4431 conventum
487 4356 639 4423 Omnium
651 4355 837 4420 Sanctorum
846 4353 977 4420 Dublin.
989 4376 1032 4417 ex
1044 4363 1131 4439 parte
1142 4375 1206 4415 una
1217 4387 1224 4401 ·
1235 4349 1450 4416 etJohannem
1461 4350 1500 4415 dc
1511 4350 1677 4418 Ardescoll

284 4467 490 4558 presbiterum
508 4486 599 4549 super
615 4459 731 4525 vicaria
744 4456 872 4524 ecclesie
888 4457 927 4522 de
943 4457 1081 4521 Tathtoo
1096 4456 1230 4522 vertitur
1244 4480 1287 4522 ex
1301 4469 1389 4544 parte
1404 4456 1499 4522 altera
1515 4495 1521 4510 ·
1538 4459 1678 4545 partibus

1642 4590 1676 4630 m
