4284 5412
958 617 999 686 ¹9

274 778 429 844 Hibernia
444 777 562 844 habuit.
608 776 712 856 Quare
732 775 804 840 volo
826 787 858 840 ct
875 775 1007 840 firmiter
1021 773 1160 862 precipio
1181 774 1266 859 quod
1284 774 1433 861 prefatam
1451 774 1613 840 ecclesiam
1632 791 1664 840 et

275 887 438 954 canonicos
449 909 519 950 suos
534 897 566 950 et
576 905 682 948 omnes
697 905 745 946 res
760 895 791 945 ct
802 893 897 946 terras
911 903 980 944 suas
995 879 1221 944 manuteneatis
1236 893 1267 944 et
1282 879 1462 946 custodiatis
1476 895 1508 946 et
1522 897 1664 969 protega-

275 991 314 1056 tis
331 1028 337 1042 ·
352 990 471 1055 nullam
486 987 545 1054 sibi
560 987 611 1052 rel
625 987 717 1052 rebus
732 984 795 1050 suis
809 983 957 1068 injuriam
972 982 1023 1048 vel
1038 983 1258 1049 contumeliam
1272 983 1419 1051 facientes
1433 1011 1491 1054 uec
1506 989 1545 1054 ab
1560 989 1665 1074 aliquo

275 1099 341 1164 fieri
355 1098 570 1187 permitmntes
586 1133 593 1147 ·
609 1107 656 1160 set
669 1093 695 1158 si
711 1092 780 1178 quis
795 1091 854 1156 sibi
870 1090 903 1156 in
925 1091 1030 1176 aliquo
1044 1090 1217 1156 forefecerit
1232 1091 1402 1178 plenariam
1417 1092 1490 1158 inde
1506 1093 1571 1158 sine
1586 1092 1664 1158 dila-

274 1206 361 1272 cione
368 1204 527 1292 justiciam
536 1199 655 1266 faciatis
669 1237 675 1251 ·
687 1212 720 1265 et
728 1197 915 1286 permittatis
930 1195 1102 1283 predictam
1117 1195 1278 1262 ecclesiam
1290 1197 1404 1264 habere
1420 1221 1526 1264 omnes
1540 1199 1661 1287 predic·

275 1325 319 1378 tas
333 1324 428 1376 terras
443 1323 476 1374 et
489 1306 693 1396 possessiones
708 1319 741 1369 et
756 1327 863 1368 omnes
878 1301 990 1368 liberas
1004 1316 1036 1367 et
1050 1301 1193 1387 antiquas
1206 1303 1446 1369 consuetudines
1461 1319 1493 1369 et
1506 1303 1664 1370 libertates

276 1441 342 1482 suas
359 1455 365 1468 ·
382 1417 462 1482 sicut
480 1413 592 1479 melius
615 1425 648 1477 et
670 1409 793 1499 plenius
817 1409 950 1473 Dernrot
973 1407 1046 1472 Rex
1070 1407 1209 1496 Lagenie
1232 1408 1385 1494 predictas
1409 1425 1503 1476 terras
1527 1409 1664 1497 predicte

276 1524 401 1591 ecclesie
421 1537 491 1588 ante
511 1521 681 1588 adventurn
700 1542 806 1583 meum
826 1517 860 1581 in
877 1516 1065 1582 Hiberniam
1080 1515 1210 1582 donavit
1225 1553 1231 1566 ·
1248 1531 1280 1580 et
1294 1516 1405 1582 liberas
1426 1516 1665 1582 consuetudines

275 1645 305 1695 et
319 1629 475 1694 libertates
489 1625 649 1694 concessit.
687 1624 834 1690 Testibus
848 1621 1039 1688 ·Laurencio
1055 1621 1176 1687 Dublin
1191 1621 1423 1709 archiepiscopo
1435 1661 1441 1674 ·
1452 1623 1563 1688 Edano
1575 1622 1663 1710 Lug:

275 1735 418 1823 episcopo
435 1772 441 1787 ·
457 1734 496 1798 R.
508 1732 622 1799 comite
638 1732 747 1796 Destr:
764 1768 770 1781 ·
787 1728 831 1794 H.
843 1729 882 1794 de
895 1728 996 1817 Lascy
1009 1765 1015 1780 ·
1029 1727 1196 1815 Radulpho
1208 1727 1247 1792 de
1259 1728 1394 1794 Warner
1410 1766 1416 1779 ·
1433 1728 1571 1794 Roberto
1583 1729 1662 1794 Poe-

276 1841 320 1906 rio
338 1880 343 1892 ·
360 1839 522 1905 Willelmo
537 1836 721 1904 cancellario
736 1859 805 1901 meo
821 1848 853 1901 et
867 1834 974 1900 multis
989 1833 1066 1899 aliis.

337 1945 404 2010 Nos
415 1959 519 2009 autem
534 1941 706 2030 predictam
721 1937 926 2003 donacionem
937 1937 1167 2003 concessionem
1182 1961 1218 2002 ac
1229 1937 1421 2002 voluntatem
1437 1952 1469 2004 et
1482 1954 1664 2027 preceptum

277 2050 408 2140 predicti
423 2048 543 2114 domini
558 2045 690 2112 Henrici
706 2043 913 2132 progenitoris
932 2043 1029 2108 nostri
1044 2057 1076 2108 et
1093 2058 1209 2108 cartam
1233 2067 1319 2108 suam
1334 2045 1506 2131 predictam
1527 2063 1594 2110 rata
1607 2047 1662 2112 ha·
1687 2107 1688 2110 ,

276 2161 383 2226 bentcs
398 2171 430 2222 et
444 2171 531 2244 grata
547 2193 553 2205 ·
570 2177 677 2242 capro
692 2153 781 2219 nobis
796 2165 828 2217 et
842 2150 1009 2218 heredibus
1028 2151 1140 2216 nostris
1161 2166 1312 2238 quantum
1326 2153 1360 2216 in
1374 2153 1465 2218 nobis
1479 2170 1526 2218 est
1540 2153 1661 2220 dilectis

276 2263 364 2330 nobis
379 2263 413 2327 in
428 2261 553 2328 Christo
573 2283 657 2325 nunc
672 2257 774 2323 Priori
794 2271 826 2323 et
846 2257 1015 2323 couventui
1036 2257 1074 2324 de
1090 2258 1194 2346 gracia
1212 2271 1316 2322 nostra
1330 2259 1456 2346 speciali
1471 2275 1578 2326 tenore
1593 2285 1662 2349 pre·

274 2371 413 2436 sancium
428 2367 626 2433 concedimus
641 2381 673 2431 et
687 2365 905 2432 confirmamus
920 2367 1160 2456 imperpetuum.

338 2475 383 2538 Et
397 2473 495 2540 eciam
511 2473 678 2559 quodcum
690 2472 750 2559 ipsi
764 2473 900 2538 habeant
914 2486 946 2538 et
961 2487 1086 2539 teneant
1096 2473 1217 2539 diversa
1231 2472 1369 2538 maneria
1382 2487 1477 2538 terras
1488 2486 1666 2540 tenementa

275 2578 415 2644 redditus
423 2593 456 2644 et
469 2579 598 2645 servicia
613 2592 646 2644 et
660 2578 734 2644 alias
745 2579 949 2666 possessiones
964 2580 1138 2668 spirituales
1152 2595 1184 2646 et
1198 2581 1383 2668 temporales
1397 2581 1430 2646 in
1446 2581 1575 2650 diversis
1589 2582 1665 2650 locis

276 2699 307 2751 et
320 2685 460 2773 partibus
475 2701 554 2752 terre
576 2701 679 2752 nostre
695 2687 850 2754 Hibernia
872 2713 915 2754 ex
935 2688 1024 2754 donis
1041 2703 1073 2754 et
1091 2689 1341 2756 concessionibus
1356 2689 1548 2756 diversorum
1563 2691 1662 2757 domi-

277 2815 387 2856 nomm
402 2805 435 2856 et
449 2791 580 2857 aliorum
597 2832 604 2846 ·
621 2818 752 2879 quarum
767 2795 976 2861 donacionum
999 2809 1031 2862 et
1053 2796 1285 2862 concessionum
1305 2797 1440 2882 quedam
1454 2811 1537 2864 carte
1551 2798 1665 2886 scripta

278 2898 474 2964 feoffamenta
497 2913 528 2962 et
547 2897 608 2964 alia
625 2898 821 2964 munimenta
835 2899 957 2988 perdita
979 2912 1012 2964 et
1026 2899 1159 2984 quedam
1182 2901 1344 2966 combusta
1363 2900 1504 2966 existunt
1522 2902 1602 2968 sicut
1616 2901 1663 2967 di·

278 3020 352 3072 cunt
368 3043 375 3056 ·
391 3004 457 3069 Nos
472 3005 611 3071 volentes
630 3005 787 3072 securitati
800 3007 939 3093 ipsorum
953 3005 1069 3071 Prioris
1084 3019 1116 3072 et
1130 3019 1301 3072 conventus
1320 3020 1352 3072 et
1371 3029 1579 3074 successorum
1592 3032 1664 3074 suo·

277 3133 345 3174 rum
360 3110 394 3175 in
408 3111 468 3176 hac
483 3125 569 3198 parte
584 3111 758 3198 specialiter
771 3113 935 3201 providere
952 3151 958 3166 ·
975 3137 1081 3180 omnes
1095 3127 1127 3180 et
1141 3113 1277 3202 singulas
1287 3114 1467 3200 hujusmodi
1479 3114 1665 3180 donaciones

277 3233 308 3284 et
321 3218 533 3285 eoncessiones
548 3219 746 3286 dominorum
764 3236 797 3287 et
810 3222 941 3287 aliorum
956 3221 1166 3310 predictorum
1181 3246 1216 3287 ac
1231 3234 1345 3288 statum
1361 3221 1487 3286 titulum
1502 3233 1533 3286 et
1547 3243 1665 3308 posses-

277 3323 394 3390 sionem
410 3349 486 3410 quos
501 3325 597 3391 iidem
607 3327 697 3392 Prior
711 3342 743 3393 et
757 3343 929 3394 conventus
939 3329 1057 3396 habent
1067 3329 1100 3394 in
1112 3328 1229 3394 eisdem
1242 3328 1389 3395 maneriis
1402 3327 1490 3393 terris
1504 3340 1663 3394 tenemen-

278 3431 316 3496 tis
337 3431 512 3498 redditibus
534 3432 672 3499 serviciis
694 3447 726 3499 et
740 3433 808 3499 aliis
821 3433 1064 3522 possessionibus
1084 3432 1295 3520 spiritualibus
1313 3446 1345 3498 et
1359 3432 1579 3519 temporalibus
1593 3457 1662 3522 pre·

278 3535 368 3601 dictis
383 3535 485 3600 Priori
509 3549 541 3602 et
565 3537 733 3602 conventui
757 3550 788 3602 et
807 3537 1031 3604 successoribus
1057 3536 1119 3600 suis
1142 3549 1293 3622 quantum
1318 3536 1352 3601 in
1374 3537 1464 3602 nobis
1487 3551 1534 3602 est
1557 3551 1664 3606 tenore

278 3641 472 3728 presencium
487 3642 686 3707 concedimus
704 3655 737 3706 et
750 3639 968 3706 confirmamus
983 3641 1212 3728 imperpetuum
1229 3679 1236 3693 ·
1252 3641 1395 3707 habenda
1409 3655 1441 3708 et
1454 3645 1590 3709 terrenda
1604 3645 1663 3711 sibi

280 3761 312 3814 et
325 3747 551 3846 successoribus
565 3748 627 3812 suis
643 3747 748 3814 omnia
762 3748 902 3835 predicta
923 3747 1061 3812 maneria
1074 3759 1169 3812 terras
1184 3762 1360 3812 tenemento
1373 3747 1514 3813 redditus
1535 3749 1665 3815 servicia

278 3867 310 3918 et
324 3852 398 3919 alias
413 3853 617 3940 possessiones
639 3853 815 3941 spirituales
838 3868 870 3920 et
884 3852 1068 3941 temporales
1088 3890 1095 3904 ·
1111 3877 1259 3918 unacum
1274 3853 1469 3919 libertatibus
1482 3854 1661 3921 franchesiis

279 3958 451 4046 privilegiis
466 3973 498 4024 et
511 3960 789 4026 consuetudinibus
804 3961 917 4046 quibus
925 3959 986 4047 ipsi
997 3973 1029 4026 et
1042 3959 1270 4048 predecessores
1284 3959 1332 4024 sui
1346 3960 1495 4026 hactenus
1503 3961 1663 4049 hucusque

279 4063 508 4130 racionabiliter
522 4064 569 4128 uti
584 4079 616 4130 et
630 4064 766 4152 gaudere
781 4077 1032 4146 consueverunt..

342 4170 386 4235 Et
400 4169 530 4234 ulterius
545 4169 584 4236 de
598 4168 735 4236 uberiori
754 4170 859 4258 gracia
872 4183 976 4234 nostra
999 4167 1205 4236 concessimus
1227 4181 1259 4234 et
1273 4168 1436 4235 licenciam
1451 4169 1593 4235 dedimus
1607 4193 1663 4258 pro

280 4276 367 4341 nobis
390 4289 423 4342 et
436 4275 604 4343 heredibus
627 4278 738 4344 nostris
761 4292 914 4364 quantum
928 4277 962 4341 in
985 4277 1075 4342 nobis
1097 4289 1144 4342 est
1163 4276 1310 4364 predictis
1325 4276 1427 4342 Priori
1441 4288 1474 4341 et
1495 4277 1663 4342 conventui

280 4381 363 4466 quod
381 4381 443 4470 ipsi
458 4381 620 4468 adquirere
635 4382 755 4472 possint
768 4395 863 4449 terras
877 4393 1054 4448 tenementa
1072 4381 1212 4448 redditus
1225 4407 1297 4448 cum
1313 4381 1510 4470 pertinenciis
1524 4395 1557 4447 et
1570 4383 1664 4447 advo-

931 4486 963 4553 D
979 4510 997 4556 2
1523 4487 1662 4552 caciones
