4284 5412
1135 597 1175 668 16

528 779 727 870 Inspeximus
749 779 848 846 eciam
862 778 966 844 literas
987 779 1053 844 sive
1078 791 1194 844 cartam
1218 801 1294 864 quas
1313 778 1514 846 Theobaldus
1538 779 1673 846 Walteri
1698 779 1849 868 pincerna

464 884 617 952 Hibemie
632 885 705 952 secit
717 884 785 950 Deo
811 895 844 947 et
866 881 994 947 ecclesie
1010 881 1163 948 Omnium
1179 880 1363 949 Sanctorum
1382 884 1478 970 juxta
1493 883 1615 950 Dublin
1639 898 1671 950 et
1693 885 1853 951 canonicis

462 992 582 1060 ibidem
599 993 668 1057 Deo
683 988 888 1056 servientibus
906 1026 911 1038 ·
927 987 961 1052 in
976 988 1035 1056 hec
1050 988 1153 1054 verba.
1199 988 1354 1056 Omnibus
1370 989 1487 1055 Christi
1503 989 1647 1056 fidelibus
1671 989 1725 1056 has
1747 990 1854 1056 literas

464 1097 649 1186 inspecturis
665 1093 865 1161 Theobaldus
880 1093 1014 1159 Walteri
1028 1094 1175 1181 pincerna
1190 1094 1344 1161 Hibernia
1364 1095 1504 1161 salutem.
1548 1094 1681 1161 Noverit
1699 1096 1849 1162 universi·

464 1219 511 1270 tas
529 1219 631 1269 vestra
650 1225 700 1266 me
716 1199 835 1266 dedisse
859 1198 1041 1264 concessisse
1061 1213 1093 1264 et
1106 1198 1165 1263 hac
1189 1213 1273 1264 carte
1291 1223 1361 1264 mea
1376 1199 1511 1286 presenti
1526 1200 1721 1267 confirmasse
1736 1201 1806 1268 Deo
1820 1215 1854 1267 et

465 1310 592 1377 ecclesie
600 1307 751 1374 Omnium
765 1305 949 1370 Sanctorum
959 1305 1055 1390 juxta
1064 1303 1186 1370 Dublin
1197 1319 1229 1370 et
1242 1305 1398 1371 canonicis
1412 1305 1531 1371 ibidem
1543 1307 1612 1372 Deo
1627 1307 1849 1374 servientibus·

465 1440 522 1505 pro
536 1415 634 1480 salute
654 1412 756 1478 anime
773 1435 842 1476 mee
856 1424 889 1475 et
903 1425 1129 1476 antecessorum
1149 1424 1182 1476 et
1201 1435 1410 1477 successorum
1424 1435 1564 1477 meorum
1579 1426 1610 1477 et
1625 1414 1766 1478 omnium
1776 1413 1851 1480 fide·

466 1525 545 1589 lium
559 1523 777 1588 defunctorum
792 1519 949 1605 quandam
963 1535 1083 1606 partem
1098 1534 1177 1584 terre
1193 1519 1312 1585 meede
1329 1518 1417 1585 Stein
1434 1557 1440 1570 ·
1457 1543 1518 1604 que
1533 1519 1618 1604 jacet
1628 1519 1724 1604 juxta
1738 1517 1855 1584 dictem

467 1629 627 1696 ecclesiam
638 1649 743 1692 versus
758 1623 909 1689 orientem
923 1637 955 1688 et
969 1622 1109 1688 continet
1123 1622 1156 1686 in
1168 1645 1199 1687 se
1212 1621 1288 1688 duas
1299 1645 1383 1687 acras
1397 1633 1429 1686 et
1440 1620 1625 1706 dimidiam·
1641 1645 1714 1687 cum
1725 1619 1853 1686 decimis

467 1754 499 1803 et
514 1733 758 1802 obvencionibus
773 1756 833 1818 que
849 1730 1037 1819 proveniunt
1052 1730 1090 1797 de
1106 1745 1171 1795 tota
1187 1729 1275 1796 Stein
1293 1768 1298 1780 ·
1315 1729 1490 1796 habendam
1509 1743 1541 1794 et
1557 1728 1723 1794 tenendam
1738 1717 1853 1794 dictam

467 1858 580 1909 terram
603 1864 675 1907 cum
695 1838 785 1905 dictis
803 1837 931 1903 decimis
950 1835 984 1901 in
1005 1861 1115 1923 puram
1137 1850 1169 1901 et
1191 1849 1373 1924 perpetuam
1393 1835 1593 1900 elemosinam
1614 1857 1687 1900 cum
1710 1833 1854 1900 omnibus

466 1946 662 2015 libertatibus
677 1959 709 2010 et
720 1941 995 2010 consuetudinibus
1004 1941 1044 2008 ad
1055 1941 1185 2008 liberam
1200 1942 1399 2009 elemosinam
1410 1944 1645 2033 pertinentibus.
1690 1944 1736 2010 Ut
1751 1959 1853 2010 autern

467 2054 526 2119 hec
541 2077 610 2117 mea
624 2050 754 2117 donacio
765 2048 921 2117 concessio
935 2063 968 2114 et
982 2049 1179 2116 confirmacio
1194 2065 1260 2116 rata
1274 2065 1449 2138 perseveret
1463 2065 1495 2117 et
1508 2051 1690 2116 inconcussa
1704 2051 1738 2116 in
1752 2067 1853 2139 poste-

467 2183 538 2226 rum
552 2159 703 2224 habeatur
715 2193 721 2206 ·
733 2135 906 2242 piesentem
921 2153 1068 2240 paginam
1083 2151 1178 2240 sigilli
1189 2153 1252 2218 mei
1266 2152 1466 2240 impressione
1477 2153 1629 2220 roboravi.
1641 2153 1715 2218 Hiis
1725 2153 1854 2220 testibus

467 2263 605 2330 Domino
619 2263 650 2328 J.
663 2260 827 2327 Fernensis
841 2259 987 2347 episcopo
1004 2297 1010 2312 ·
1027 2260 1155 2326 domino
1171 2261 1295 2328 Thoma
1309 2285 1440 2348 persona
1453 2262 1493 2328 de
1509 2260 1607 2328 Calan
1624 2299 1631 2312 ·
1648 2261 1775 2326 domino
1790 2261 1853 2326 Ro-

468 2392 542 2460 gero
555 2367 669 2434 Hustal
685 2405 691 2418 ·
708 2365 835 2432 domino
845 2365 966 2429 Milone
977 2364 1007 2430 le
1021 2364 1140 2430 Breth·
1157 2364 1284 2430 domino
1293 2364 1428 2431 Ricardo
1440 2364 1479 2432 de
1492 2365 1688 2432 Schamesbir
1704 2403 1711 2417 ·
1727 2365 1854 2432 domino

469 2477 612 2546 Gilberto
627 2475 678 2541 del
693 2474 800 2540 Yneth
818 2512 824 2526 ·
841 2473 977 2539 Ricardo
991 2473 1131 2561 Anglico
1146 2488 1178 2539 et
1192 2473 1269 2539 aliis.

533 2581 734 2670 Inspeximus
747 2580 875 2668 insuper
889 2579 1039 2668 scripturn
1054 2580 1201 2646 Mauricii
1216 2579 1274 2644 filii
1289 2579 1418 2646 Geroldi
1429 2580 1463 2644 in
1477 2579 1536 2646 hec
1547 2580 1650 2645 verba.
1695 2578 1856 2646 Universis

470 2687 587 2754 Christi
602 2686 747 2752 fidelibus
770 2686 810 2751 ad
833 2709 910 2770 quos
934 2709 1058 2773 presens
1081 2685 1229 2773 scriptum
1253 2685 1429 2772 pervenerit
1444 2684 1615 2751 Mauricius
1629 2685 1713 2750 filius
1728 2684 1857 2752 Geroldi

470 2793 601 2860 salutem
616 2792 649 2856 in
661 2790 797 2856 domino.
841 2789 973 2856 Noverit
984 2789 1167 2854 universitas
1178 2803 1279 2855 vestra
1292 2814 1342 2856 me
1358 2789 1465 2856 divine
1480 2789 1615 2856 caritatis
1625 2790 1743 2856 intuitu
1757 2805 1790 2856 et
1799 2813 1856 2878 pro

470 2899 568 2965 salute
583 2897 685 2963 anime
699 2920 768 2962 mee
783 2909 815 2961 et
828 2896 850 2961 J
851 2894 955 2961 uliane
972 2893 1080 2959 uxoris
1094 2918 1163 2959 mee
1177 2907 1209 2959 et
1225 2894 1320 2981 patris
1335 2907 1368 2960 et
1382 2894 1488 2959 matris
1503 2918 1572 2960 mee
1583 2909 1810 2962 antecessorum
1824 2913 1856 2961 et

470 3027 679 3072 successorum
698 3025 838 3067 meorum
854 3039 861 3052 ·
877 3015 1029 3086 quantum
1052 3000 1092 3065 ad
1115 3015 1280 3088 patronum
1302 2999 1459 3087 pertinet·
1476 3000 1596 3066 dedisse
1619 3001 1802 3068 concessisse
1824 3013 1857 3066 et

471 3109 607 3200 presenti
626 3108 740 3195 scripto
760 3129 830 3172 meo
852 3106 1047 3172 confirmasse
1063 3106 1133 3172 Deo
1154 3121 1186 3170 et
1200 3107 1289 3172 beate
1304 3105 1406 3172 Marie
1420 3124 1453 3171 et
1464 3105 1619 3172 Omnibus
1631 3105 1753 3173 Sanctis
1762 3107 1858 3193 juxta

472 3217 594 3284 Dublin
608 3230 641 3283 et
656 3215 764 3282 Priore
783 3230 815 3280 et
835 3215 1004 3280 conventui
1018 3215 1137 3281 ibidem
1160 3214 1422 3281 commorantibus
1438 3253 1444 3266 ·
1460 3214 1621 3280 ecclesiam
1636 3215 1676 3281 de
1691 3215 1857 3281 Tachtodh

470 3348 543 3391 cum
557 3321 757 3412 pertinenciis
776 3321 839 3386 suis
856 3360 862 3373 ·
878 3323 1045 3388 tenendam
1064 3336 1096 3388 et
1114 3322 1290 3389 habendam
1309 3321 1349 3388 ad
1368 3347 1438 3390 suos
1453 3322 1593 3410 proprios
1611 3347 1684 3388 usus
1698 3322 1732 3387 in
1747 3345 1856 3409 puram

471 3444 503 3496 et
514 3445 695 3518 perpetuam
710 3426 919 3494 elemosinam.
965 3427 1065 3494 Salvis
1079 3427 1207 3494 ecclesie
1222 3427 1261 3494 de
1277 3427 1518 3494 Laderachbrim
1533 3441 1565 3494 et
1579 3427 1696 3516 capelle
1711 3427 1750 3494 de
1765 3427 1856 3514 May-

471 3535 549 3602 noth
564 3534 692 3601 decimis
707 3535 795 3600 terris
809 3549 841 3600 et
856 3534 1101 3601 obvencionibus
1115 3549 1148 3600 et
1160 3536 1252 3601 rebus
1271 3536 1338 3602 aliis
1354 3537 1393 3602 ad
1407 3536 1488 3624 ipsas
1503 3537 1542 3604 de
1552 3537 1625 3623 jure
1639 3538 1856 3626 spectantibus.

473 3641 518 3707 Et
531 3655 567 3706 ut
580 3641 639 3706 hec
653 3665 723 3706 mea
737 3639 868 3706 donacio
882 3639 1038 3706 concessio
1060 3653 1092 3704 et
1106 3637 1304 3705 confirmacio
1324 3655 1473 3727 perpetue
1487 3639 1642 3706 firmitatis
1664 3641 1758 3708 robur
1776 3641 1856 3730 opti-

473 3758 547 3812 neat
559 3783 565 3796 ·
577 3769 701 3832 presens
715 3746 863 3833 scriptum
878 3745 972 3834 sigilli
987 3746 1049 3812 mei
1060 3745 1233 3812 munimine
1248 3746 1399 3813 roboravi.
1422 3747 1495 3812 Hiis
1509 3748 1640 3814 testibus
1656 3785 1662 3800 ·
1675 3748 1858 3816 Venerabili

474 3865 561 3941 patre
576 3851 664 3917 Luca
677 3851 798 3917 Dublin
818 3852 1049 3941 archiepiscopo
1065 3891 1072 3903 ·
1088 3851 1131 3920 H.
1148 3852 1269 3918 Dublin
1286 3889 1292 3904 ·
1312 3852 1374 3941 [et]
1390 3852 1445 3917 W.
1465 3852 1591 3941 Glynd:
1610 3853 1856 3922 archidiaconis·

475 3959 519 4025 H.
534 3960 646 4025 abbate
667 3958 765 4024 sancti
781 3958 903 4024 Thome
920 3997 926 4009 ·
944 3957 982 4024 R.
998 3958 1106 4023 Priore
1128 3971 1233 4023 sancte
1253 3956 1416 4023 Trinitatis
1431 3956 1593 4023 Dublinne
1610 3996 1616 4008 ·
1631 3958 1654 4024 J
1655 3958 1776 4028 ohanne
1791 3958 1856 4025 filio

476 4064 599 4129 Thome
616 4101 622 4113 ·
637 4062 660 4127 J
661 4061 783 4126 ohanne
797 4061 952 4128 Pincema
968 4099 975 4114 ·
992 4061 1130 4126 Roberto
1141 4061 1180 4126 de
1195 4061 1324 4149 Capella
1339 4099 1346 4112 ·
1363 4061 1513 4150 Philippo
1527 4063 1566 4128 de
1581 4063 1760 4152 Intebergia
1781 4079 1855 4131 tunc

475 4167 787 4339 senplslicalloOffallye
798 4169 1108 4258 Ι111113181101111111110
1121 4168 1205 4236 lisico
1219 4207 1225 4220 ·
1238 4170 1373 4237 Ricardo
1386 4171 1531 4240 Clement
1543 4211 1550 4224 ·
1561 4172 1583 4239 J
1584 4173 1705 4239 ohanne
1716 4173 1755 4240 de
1767 4173 1858 4240 Pulla

476 4287 508 4339 el
575 4295 598 4336 s.

539 4379 738 4468 Inspeximus
752 4378 850 4446 eciam
865 4378 1015 4468 scriptum
1029 4379 1116 4446 Luce
1127 4379 1249 4447 Dublin
1263 4379 1487 4471 archiepiscopi
1501 4383 1536 4447 in
1550 4384 1608 4451 hec
1629 4386 1731 4452 verbs.
1775 4384 1855 4450 Uni-

1760 4513 1856 4558 versrs
