4368 5408
959 583 1014 656 lix

290 767 448 855 premissis
472 789 527 832 seu
551 767 657 852 aliquo
681 765 902 854 premissorum
926 765 1031 831 minus
1055 767 1154 855 captia
1172 791 1275 834 eoram
1299 767 1456 854 aliquibus
1481 772 1688 839 eaoaetoribus

291 873 404 940 nostris
422 897 478 940 seu
496 872 653 959 aliquibus
674 871 743 937 aliis
765 871 921 937 officiariis
943 872 1055 936 nostris
1077 871 1110 936 in
1133 887 1215 938 terra
1237 885 1342 938 nostra
1361 874 1515 942 Hibernie
1540 891 1573 943 et
1593 877 1631 942 iis
1653 879 1687 944 in

290 981 474 1048 cancellaria
488 981 539 1048 vel
554 980 706 1047 scaccario
720 979 834 1044 nostris
848 993 928 1045 terre
944 993 1048 1046 nostre
1064 979 1219 1046 Hibernia
1234 979 1273 1046 de
1288 980 1417 1046 recordo
1436 1005 1501 1045 non
1517 983 1685 1048 returnatis

291 1087 331 1152 de
348 1089 420 1173 jure
435 1100 468 1152 et
481 1086 574 1152 titulo
588 1085 700 1152 nostris
721 1084 859 1151 inventis
879 1085 918 1151 de
939 1083 1094 1174 premissis
1110 1109 1165 1151 seu
1181 1086 1220 1151 de
1242 1085 1347 1172 aliquo
1368 1086 1590 1175 premissorum
1613 1103 1685 1154 ante

290 1195 520 1260 eonfeocionem
539 1193 715 1259 litterarum
736 1207 911 1257 nostrarum
935 1190 1115 1279 potenciam
1130 1192 1302 1257 secundum
1323 1206 1463 1258 tenorem
1488 1208 1520 1258 et
1537 1194 1684 1260 effectum

290 1300 397 1365 statuti
412 1301 452 1367 de
467 1325 548 1367 anno
562 1299 652 1389 regni
666 1299 748 1388 regis
764 1299 897 1365 Henriei
908 1298 990 1364 sexti
999 1322 1101 1386 nuper
1114 1299 1198 1387 regis
1211 1298 1331 1387 Anglie
1346 1299 1469 1364 decimo
1484 1313 1594 1366 octavo
1610 1301 1684 1368 inde

290 1405 367 1472 editi
390 1423 424 1473 et
444 1407 590 1496 provisi·
618 1407 662 1470 Et
683 1405 769 1492 quod
793 1405 852 1470 iste
875 1404 1014 1492 predicte
1040 1404 1143 1471 littere
1168 1419 1272 1472 nostre
1294 1419 1436 1494 patenter
1457 1407 1520 1472 sint
1541 1421 1683 1496 reputate

291 1531 416 1602 accepte
431 1527 462 1580 et
476 1513 554 1580 adeo
569 1511 672 1578 valide
687 1525 720 1577 et
738 1508 819 1576 tanti
834 1508 953 1596 vigoris
971 1508 1007 1574 in
1026 1507 1095 1600 lege
1117 1531 1192 1596 ergo
1213 1532 1269 1574 nos
1291 1508 1421 1575 heredes
1442 1523 1476 1574 et
1496 1533 1685 1576 successores

289 1635 408 1686 nostros
431 1619 524 1686 sicuti
546 1617 770 1704 inquisiciones
792 1631 825 1682 et
846 1615 950 1681 officio
971 1615 1046 1682 inde
1070 1615 1226 1705 legittime
1252 1616 1347 1680 modo
1370 1615 1404 1680 in
1428 1617 1612 1682 cancellaria
1631 1617 1683 1682 vel

290 1728 442 1793 scaccario
457 1739 562 1792 nostro
578 1739 657 1790 terre
673 1737 776 1790 nostre
792 1721 947 1790 Hibernie
968 1723 1007 1788 de
1026 1723 1156 1790 recordo
1179 1735 1336 1790 retorneta
1358 1721 1485 1788 fuerunt
1507 1723 1682 1788 seeundum

291 1847 430 1898 tenorem
453 1831 560 1898 statuti
575 1829 718 1919 predicti.
742 1829 813 1894 Aut
837 1851 875 1894 eo
894 1828 979 1916 quod
1001 1853 1148 1917 expressa
1171 1830 1294 1896 mencio
1312 1831 1352 1896 de
1366 1855 1441 1897 vero
1455 1831 1561 1897 valore
1577 1857 1681 1898 annuo

291 1953 344 2003 aut
352 1939 391 2004 de
401 1937 506 2024 aliquo
518 1936 578 2003 alio
588 1937 693 2001 valore
702 1949 757 2001 aut
767 1934 807 2000 de
815 1933 1004 2000 certitudine
1014 1935 1233 2022 premissorum
1243 1951 1298 2002 aut
1308 1961 1415 2003 eorum
1426 1937 1558 2025 alicujus
1573 1953 1628 2004 aut
1642 1939 1682 2004 de

291 2044 357 2108 aliis
372 2043 462 2109 donis
477 2044 543 2108 sive
557 2040 809 2108 concessionibus
823 2063 880 2127 per
894 2064 950 2105 nos
962 2039 1013 2105 vel
1027 2065 1083 2128 per
1098 2040 1235 2126 aliquem
1251 2041 1486 2130 progenitorum
1501 2068 1556 2110 seu
1571 2045 1681 2132 prede-

290 2174 443 2216 cessorum
469 2165 645 2216 nostrorum
670 2147 796 2236 prefatis
819 2147 930 2234 majori
956 2148 1081 2214 ballivis
1107 2149 1230 2215 civibus
1249 2163 1282 2216 et
1305 2151 1524 2216 communitati
1546 2151 1684 2217 civitatis

291 2274 392 2324 nostre
407 2259 547 2346 predicte
562 2269 634 2324 ante
649 2257 708 2322 hec
724 2271 865 2345 ternpore
879 2257 969 2322 factis
991 2257 1024 2321 in
1047 2258 1242 2346 presentibus
1256 2256 1386 2323 minime
1401 2257 1482 2324 facta
1496 2259 1606 2325 existit
1627 2271 1683 2325 aut

290 2389 352 2429 non
367 2363 476 2430 existit
490 2378 546 2430 aut
559 2364 665 2450 aliquo
680 2364 740 2430 alio
756 2377 871 2430 statuto
887 2377 958 2430 actu
974 2363 1173 2430 ordinacione
1195 2363 1374 2451 provisione
1396 2364 1462 2430 sive
1484 2366 1682 2431 restriceione

291 2484 360 2536 ante
374 2469 433 2536 hec
448 2483 588 2558 tempora
602 2470 637 2535 in
651 2471 842 2536 eontrarium
864 2471 957 2538 editis
980 2470 1130 2536 ordinatis
1152 2471 1218 2538 sive
1240 2471 1372 2559 provisis
1387 2485 1441 2537 aut
1456 2471 1560 2557 aliqua
1573 2472 1635 2538 alia
1648 2497 1682 2538 re

291 2600 380 2641 causa
393 2576 445 2642 vel
460 2578 589 2642 materia
604 2602 800 2664 quacumque
815 2579 848 2643 in
864 2579 970 2664 aliquo
986 2603 1049 2645 non
1064 2579 1269 2647 obstantibus.
1314 2581 1353 2645 In
1368 2581 1458 2665 eujus
1476 2581 1522 2648 rei
1544 2580 1681 2646 testimo·

291 2682 375 2746 nium
390 2681 446 2748 has
461 2681 578 2748 litteras
593 2683 661 2747 fieri
676 2683 807 2750 fecimus
822 2695 972 2771 patentes.
1018 2684 1112 2750 Teste
1127 2683 1246 2771 meipso
1262 2685 1345 2772 apud
1366 2685 1488 2750 Dublin
1505 2699 1615 2771 quarto
1631 2685 1682 2751 die

291 2786 449 2853 Februarii
465 2811 547 2852 anno
562 2787 652 2876 regni
667 2788 764 2854 nostri
780 2789 945 2855 tricesimo.

544 2980 605 3046 Per
621 2980 728 3048 billam
747 2980 845 3070 ipsius
867 2981 987 3046 domini
1009 2982 1091 3070 regis
1114 2984 1153 3049 ab
1173 2983 1289 3072 Anglia
1307 2985 1432 3049 missam
1454 2997 1487 3048 et
1507 3008 1603 3048 manu
1625 3008 1682 3050 suo

586 3084 712 3174 proprio
727 3085 880 3176 signatam
896 3111 930 3152 ao
946 3087 1131 3153 cancellario
1152 3112 1209 3152 suo
1224 3088 1290 3154 sive
1312 3089 1433 3154 custodi
1456 3087 1563 3178 magni
1585 3088 1681 3176 sigilli

586 3191 634 3256 sui
657 3206 737 3257 terre
760 3217 814 3258 sue
838 3192 993 3259 Hibernia
1017 3193 1166 3260 imediate
1189 3193 1339 3261 directam
1366 3195 1405 3261 de
1436 3194 1508 3261 dato
1537 3194 1679 3284 predicto

587 3298 771 3365 auctoritate
794 3299 1005 3366 Parliamenti.

327 3487 502 3554 Raoovrdcr'a
516 3487 612 3564 Book,
628 3512 680 3576 pp.
698 3493 856 3576 252-256.

928 3770 1036 3842 XIII.

712 3971 874 4072 [inaperta
890 3976 1072 4050 tonationis
1091 3976 1265 4072 attinnt]

387 4164 522 4230 Enrious
538 4179 667 4230 octavus
684 4164 735 4229 dei
749 4163 856 4254 gracia
870 4164 990 4252 Anglie
1006 4178 1039 4231 et
1053 4166 1188 4231 Francia
1203 4189 1260 4232 rex
1276 4166 1350 4231 fidei
1362 4166 1505 4232 defensor
1526 4179 1558 4232 et
1578 4165 1678 4230 dorni-

408 4295 466 4336 nus
482 4271 637 4338 Hibernis
654 4295 689 4338 ac
713 4270 747 4336 in
768 4285 851 4337 terra
864 4294 1046 4358 supremum
1062 4285 1156 4360 eaput
1170 4272 1299 4338 ecclesie
1318 4272 1496 4361 Anglicane
1510 4285 1544 4337 et
1563 4270 1679 4337 Hiber-

286 4379 391 4444 nioane
403 4376 547 4444 omnibus
559 4377 599 4441 ad
610 4400 688 4462 quos
700 4389 859 4464 presentes
870 4375 976 4442 littere
988 4391 1092 4444 nostre
1100 4378 1302 4465 pervenerint
1316 4379 1465 4445 Salutem.
1477 4377 1679 4466 Inspeximus

962 4483 971 4547 i
989 4489 1008 4548 2
1539 4499 1678 4552 tenorem
