4368 5408
1085 616 1137 689 lvi

461 814 494 867 et
518 799 726 868 maneriorum
763 815 914 867 terrarum
944 812 977 864 et
1001 812 1249 868 tenementorum
1279 823 1315 865 ac
1343 812 1516 865 ceterorum
1545 798 1764 888 premissorum
1793 815 1847 866 aut

461 931 568 971 eorum
583 905 716 992 alicujus
730 905 881 971 hactenus
895 901 1002 969 habita
1016 901 1142 991 cognita
1162 916 1306 990 reputata
1327 901 1393 967 sive
1415 913 1542 988 accepte
1561 901 1678 968 fuerint
1698 902 1764 970 sive
1785 927 1848 990 que

461 1035 532 1077 cum
548 1025 673 1100 aut'pro
687 1011 804 1077 eisdem
820 1024 875 1076 aut
888 1033 996 1076 eorum
1012 1011 1117 1096 aliquo
1132 1010 1172 1076 ad
1187 1009 1308 1074 firmam
1323 1008 1449 1074 dimissa
1463 1007 1529 1074 sive
1554 1008 1654 1076 locata
1676 1009 1793 1077 fuerint
1814 1025 1846 1077 et

461 1140 521 1202 que
545 1118 585 1182 ad
608 1139 718 1181 manus
741 1129 859 1180 nostras
882 1114 1104 1200 quoquomodo
1128 1113 1179 1176 vel
1202 1110 1327 1177 racione
1351 1125 1384 1175 et
1406 1122 1554 1198 pretextu
1575 1110 1790 1178 dissoluoionis
1815 1129 1847 1179 et

459 1223 682 1313 suppressionis
697 1223 836 1309 ejusdem
851 1220 1004 1309 prioratus
1025 1221 1091 1286 sive
1113 1220 1224 1285 domus
1246 1216 1390 1304 religiose
1411 1217 1606 1283 devenerunt
1618 1217 1684 1284 sive
1699 1219 1847 1285 devenire

459 1332 635 1398 debuerunt
659 1353 714 1396 seu
736 1329 885 1395 deberent
911 1353 946 1394 ac
983 1328 1017 1392 in
1046 1327 1191 1393 manibus
1214 1325 1325 1390 nostris
1352 1325 1419 1410 jam
1449 1324 1589 1390 existunt
1617 1326 1683 1389 sive
1712 1326 1847 1393 existere

457 1439 582 1505 debent.
606 1437 762 1502 Habenda
790 1435 925 1502 tenenda
953 1435 1154 1523 percipienda
1182 1447 1215 1500 et
1242 1431 1408 1522 gaudenda
1433 1431 1527 1496 situm
1550 1431 1702 1497 ambitum
1723 1445 1755 1498 et
1777 1457 1846 1520 pre·

458 1545 596 1609 cinctum
634 1567 736 1630 nuper
763 1544 916 1630 prioratus
949 1543 1014 1610 sive
1051 1544 1162 1609 domus
1196 1541 1335 1630 predicte
1374 1564 1497 1606 necnon
1529 1541 1634 1606 omnia
1662 1556 1695 1607 et
1723 1540 1846 1629 singula

459 1648 596 1715 maneria
609 1648 782 1736 messuagia
802 1662 898 1714 terras
921 1660 1098 1714 tenementa
1117 1671 1152 1712 ac
1167 1659 1269 1712 cetera
1284 1644 1388 1710 omnia
1407 1657 1439 1709 et
1460 1643 1582 1730 singula
1605 1645 1753 1731 premissa
1773 1670 1845 1712 cum

458 1755 602 1822 omnibus
616 1779 723 1822 eorum
741 1756 866 1841 juribus
880 1754 1027 1819 membris
1049 1767 1082 1818 et
1102 1749 1302 1839 pertinenciis
1316 1747 1435 1837 prefata
1457 1747 1567 1833 majori
1586 1748 1709 1812 ballivis
1723 1749 1844 1816 civibus

457 1877 490 1928 et
503 1859 719 1928 communitati
739 1859 874 1926 civitatis
895 1871 999 1924 nostre
1019 1856 1158 1944 predicte
1179 1869 1212 1921 et
1233 1877 1341 1918 eorum
1363 1853 1588 1918 successoribus
1602 1853 1842 1942 imperpetuum.

458 1967 631 2033 Reddendo
646 1980 678 2032 et
691 1965 841 2032 solvendo
855 1966 929 2032 inde
949 1967 1039 2030 nobis
1061 1963 1227 2028 heredibus
1249 1976 1282 2027 et
1300 1959 1525 2026 successoribus
1549 1961 1660 2025 nostris
1682 1962 1841 2027 annuatim

455 2072 495 2137 ed
509 2073 695 2139 scaccarium
709 2086 849 2138 nostrum
864 2071 1018 2137 Hibernie
1033 2069 1073 2134 ad
1088 2069 1164 2133 festa
1176 2067 1283 2134 Sancti
1300 2065 1464 2132 Michaelis
1484 2067 1661 2156 archangeli
1676 2083 1708 2134 et
1724 2069 1842 2136 Pascha
1951 2077 1954 2082 ’

454 2179 542 2264 equis
556 2177 755 2265 porcionibus
769 2193 902 2265 quatuor
917 2176 1010 2242 libras
1024 2189 1157 2262 quatuor
1177 2174 1291 2239 solidos
1313 2172 1433 2239 obilum
1455 2188 1487 2240 et
1508 2175 1712 2261 quadrantem
1733 2180 1842 2268 legalis

456 2297 580 2350 monete
595 2297 674 2350 terre
689 2298 793 2349 nostre
808 2283 962 2349 Hibernie
984 2282 1111 2347 nomine
1132 2280 1278 2346 vicesima
1302 2280 1396 2367 partis
1419 2281 1559 2347 annualis
1574 2283 1687 2350 valoris
1701 2286 1842 2351 omnium

456 2402 487 2454 et
508 2389 702 2478 singulorum
727 2390 946 2478 premissorum
969 2413 1030 2475 que
1053 2388 1143 2454 nobis
1168 2401 1239 2453 ante
1265 2387 1324 2452 hac
1347 2401 1438 2453 extra
1460 2387 1631 2475 prioratum
1656 2405 1688 2456 et
1712 2392 1841 2458 domum

454 2494 630 2581 predictum
644 2519 788 2561 concessa
801 2494 918 2560 fuerint
932 2519 988 2582 per
1002 2507 1152 2560 statutum
1167 2492 1241 2558 inde
1257 2491 1378 2558 editum
1393 2509 1425 2558 et
1439 2493 1599 2580 provisum
1620 2519 1676 2582 pro
1697 2498 1841 2564 omnibus

455 2597 522 2664 aliis
537 2598 675 2665 serviciis
689 2598 910 2664 exaccionibus
925 2611 957 2664 et
978 2596 1139 2664 demendis
1159 2595 1409 2682 quibuscumque
1424 2595 1554 2684 proinde
1569 2598 1659 2664 nobis
1673 2600 1841 2667 heredibus

454 2704 505 2768 vel
518 2704 743 2770 successoribus
758 2703 870 2768 nostris
884 2703 1050 2768 reddendis
1065 2701 1221 2767 solvendis
1230 2701 1282 2765 vel
1295 2701 1455 2767 faciendis.
1471 2702 1628 2768 Volumus
1636 2705 1735 2772 eciam
1745 2720 1777 2772 et
1785 2731 1841 2794 per

454 2823 612 2897 presentes
626 2809 826 2876 concedimus
843 2809 961 2874 eisdem
983 2809 1094 2894 majori
1117 2807 1242 2874 ballivis
1264 2807 1386 2874 civibus
1411 2821 1443 2873 et
1466 2809 1682 2876 communitati
1705 2812 1841 2879 civitatis

454 2930 557 2983 nostre
573 2917 712 3005 predicte
727 2931 881 2983 eteorum
903 2915 1130 2982 successoribus
1145 2916 1230 3002 quod
1244 2915 1341 2980 iidem
1356 2916 1455 3001 major
1469 2915 1578 2980 ballivi
1599 2916 1684 2982 cives
1705 2933 1737 2982 et
1758 2943 1843 2984 com·

455 3024 590 3089 munitas
605 3036 637 3089 et
650 3046 837 3090 successores
852 3024 900 3089 sui
915 3024 1048 3111 predicti
1070 3038 1177 3090 tenore
1196 3023 1389 3113 generalium
1404 3026 1571 3090 verborum
1592 3023 1627 3089 in
1649 3026 1842 3113 presentibus

454 3128 596 3216 superius
616 3151 834 3216 expressorum
856 3129 992 3194 habeant
1013 3143 1045 3194 et
1066 3141 1194 3194 teneant
1218 3128 1332 3194 sibiet
1354 3128 1579 3194 successoribus
1603 3128 1665 3195 suis
1687 3131 1841 3218 prefatum

456 3235 584 3302 domum
610 3235 763 3300 ambitum
786 3235 880 3299 situm
903 3250 936 3300 et
958 3235 1152 3322 precinctum
1176 3259 1276 3323 nuper
1299 3233 1453 3322 prioratus
1476 3235 1541 3300 sive
1565 3235 1676 3301 domus
1698 3237 1841 3326 religiose

454 3344 592 3432 predicte
624 3367 748 3410 necnon
777 3342 882 3408 omnia
909 3357 941 3408 et
973 3341 1097 3430 singula
1124 3339 1261 3406 maneria
1283 3339 1457 3424 messuagia
1481 3353 1576 3405 terras
1599 3355 1776 3406 tenemento
1805 3367 1840 3408 ac

455 3467 557 3516 cetera
579 3449 684 3516 omnia
705 3463 737 3515 et
759 3448 883 3536 singula
908 3446 1056 3536 premissa
1080 3471 1152 3512 curn
1168 3445 1313 3510 omnibus
1328 3468 1436 3510 eorum
1462 3445 1662 3532 pertinenciis
1684 3471 1719 3512 ac
1736 3447 1841 3513 omnia

456 3553 516 3618 alia
531 3567 625 3618 terras
633 3566 812 3618 tenementa
825 3566 858 3617 et
868 3551 1116 3617 hereditamenta
1125 3572 1321 3635 quecumque
1337 3548 1376 3613 de
1388 3549 1502 3635 quibus
1513 3548 1672 3616 Walterus
1688 3552 1840 3618 Hancolre

457 3683 557 3746 nuper
571 3658 661 3723 Prior
675 3657 828 3746 prioratus
849 3657 915 3722 sive
937 3657 1049 3722 domus
1071 3654 1214 3742 religiose
1237 3653 1389 3719 Omnium
1415 3653 1599 3720 Sanctorum
1626 3657 1764 3744 predicte
1788 3675 1842 3726 aut

456 3761 567 3847 aliquis
590 3760 668 3825 alius
690 3759 940 3848 predecessorum
964 3781 1092 3824 suorum
1115 3755 1254 3844 priorum
1278 3757 1417 3842 ejusdem
1443 3757 1553 3824 domus
1581 3785 1721 3846 unquam
1745 3763 1841 3830 scisiti

456 3867 583 3932 fuerunt
595 3865 712 3951 injure
727 3888 828 3952 nuper
842 3865 995 3953 prioratus
1010 3863 1077 3929 sive
1092 3863 1202 3927 domus
1217 3861 1356 3950 predicte
1371 3863 1448 3928 adeo
1463 3864 1555 3950 plene
1569 3879 1601 3931 et
1622 3866 1742 3958 integre
1758 3895 1793 3936 ac
1807 3872 1841 3937 in

458 3989 522 4040 tarn
537 3972 647 4062 amplis
662 3973 756 4038 modo
770 3987 803 4038 et
816 3972 915 4038 forma
929 3997 964 4039 ac
983 3971 1009 4038 si
1030 3971 1085 4037 illa
1098 3984 1131 4036 et
1152 3993 1260 4036 eorum
1282 3969 1422 4055 quelibet
1443 3971 1577 4058 parcella
1590 3973 1648 4038 sub
1663 3973 1842 4061 specialissi-

458 4103 580 4146 morum
595 4093 627 4145 et
640 4078 881 4146 certissimorum
896 4082 1061 4146 verborum
1077 4093 1132 4146 aut
1146 4077 1350 4143 terminorum
1365 4077 1398 4141 in
1411 4077 1489 4164 legis
1504 4093 1610 4144 tenore
1628 4093 1660 4145 et
1673 4095 1766 4168 prout
1787 4082 1840 4149 lex

459 4201 513 4254 aut
527 4185 610 4274 rigor
628 4184 709 4271 juris
723 4186 903 4272 expostulat
917 4201 949 4252 et
962 4186 1093 4273 requirit
1114 4183 1241 4273 prefatis
1255 4185 1365 4271 majori
1379 4185 1502 4251 ballivis
1517 4186 1639 4254 civibus
1658 4205 1690 4254 et
1704 4215 1841 4258 commu-

458 4289 548 4356 nitati
563 4288 698 4356 civitatis
713 4305 816 4354 nostre
831 4289 969 4378 predicte
985 4304 1137 4356 eteorum
1158 4289 1383 4355 successoribus
1399 4291 1551 4358 declarata
1565 4317 1709 4360 concessa
1723 4315 1756 4364 et
1770 4299 1842 4365 data

457 4396 587 4462 fuissent
601 4419 657 4485 per
671 4409 828 4484 presentes
843 4409 875 4460 et
889 4394 966 4459 adeo
981 4395 1072 4483 plene
1086 4409 1118 4460 et
1133 4393 1254 4482 integre
1270 4420 1306 4461 ac
1322 4395 1357 4460 in
1372 4409 1435 4461 tam
1451 4399 1561 4485 amplis
1582 4401 1676 4466 modo
1691 4417 1723 4468 et
1744 4404 1843 4471 forma

1751 4527 1845 4598 prout
