4306 5414
1140 605 1184 697 78

1048 871 1273 945 LXXXIX.

896 1056 968 1156 [mr
982 1056 1110 1132 tutius
1129 1059 1241 1132 mattis
1259 1053 1431 1156 relaxatis]

558 1248 685 1315 Icardus
694 1244 896 1334 permissione
908 1245 1016 1310 divina
1024 1245 1176 1312 Dublinie
1188 1245 1436 1334 archiepiscopus
1446 1245 1599 1312 Hibemie
1611 1246 1725 1333 primas
1734 1247 1856 1314 dilectis

584 1355 673 1420 nobis
693 1353 727 1417 in
747 1351 872 1417 Christo
895 1352 1046 1441 religiosis
1069 1353 1144 1418 viris
1163 1353 1264 1419 Priori
1287 1369 1319 1418 et
1338 1354 1507 1420 conventui
1528 1353 1686 1419 Prioratus
1705 1352 1857 1419 Omnium

470 1463 655 1526 Sanctorum
666 1459 761 1544 juxta
776 1456 898 1525 Dublin
912 1457 1030 1523 ordinis
1046 1459 1152 1524 Sancti
1167 1459 1339 1548 Augustini
1360 1460 1490 1525 salutern
1509 1460 1645 1548 graciam
1664 1473 1696 1526 ct
1709 1458 1855 1525 benedic-

469 1568 598 1632 tionem.
1302 1633 1304 1638 ,

533 1671 660 1736 Divinis
674 1669 809 1736 cultibus
818 1669 1002 1736 desudantes
1011 1669 1115 1736 favore
1127 1670 1271 1758 prosequi
1282 1673 1430 1737 convenit
1445 1672 1587 1760 ampliori
1599 1697 1635 1738 ac
1649 1697 1724 1739 cura
1738 1685 1769 1738 et
1783 1671 1856 1738 soli-

467 1779 606 1846 citudine
621 1777 830 1843 favorabiliter
848 1777 1012 1864 providere
1031 1801 1071 1841 ne
1085 1777 1259 1842 laborantes
1274 1778 1307 1841 in
1319 1803 1394 1867 agro
1410 1779 1539 1843 Domini
1554 1802 1691 1867 congrue
1705 1793 1854 1844 sustenta-

468 1883 566 1949 cionis
588 1883 722 1970 presidio
742 1883 986 1948 defraudentur·
1009 1883 1090 1949 Sane
1115 1899 1217 1949 vestra
1234 1886 1379 1970 frequens
1402 1900 1433 1952 et
1453 1885 1574 1950 assidua
1599 1885 1688 1951 nobis
1713 1885 1857 1950 exhibita

468 1991 626 2077 suggestio
649 1991 778 2076 querula
801 1990 981 2056 continebat
995 1992 1080 2077 quod
1094 1991 1169 2057 licet
1188 1993 1227 2057 ab
1242 1993 1370 2078 antiquo
1385 1993 1544 2058 Prioratus
1562 2007 1663 2058 vester
1678 1993 1856 2080 plusquam

464 2097 532 2182 jam
556 2096 644 2162 terris
667 2096 908 2183 possessionibus
931 2098 1129 2184 porcionibus
1152 2098 1326 2164 redditibus
1349 2099 1477 2165 decimis
1504 2098 1704 2186 pensionibus
1727 2099 1856 2185 aliisque

469 2202 714 2269 obvencionibus
729 2215 761 2268 et
775 2201 973 2270 facultatibus
988 2228 1044 2291 pro
1059 2205 1203 2270 omnibus
1222 2205 1368 2271 oneribus
1387 2203 1490 2270 eidem
1505 2205 1661 2271 Prioratui
1675 2205 1857 2294 regnrlariter

466 2308 719 2375 incumbentibus
734 2311 953 2397 supportandis
967 2313 1090 2378 dotatus
1104 2312 1199 2379 fuerit
1215 2351 1222 2365 ·
1239 2312 1479 2401 archiepiscopis
1494 2313 1548 2398 qui
1563 2337 1620 2400 pro
1635 2327 1774 2400 tempore
1788 2312 1854 2378 fue-

466 2428 537 2480 rant
553 2453 559 2466 ·
575 2409 789 2481 visitacionem
812 2415 999 2481 ordinariam
1017 2416 1052 2480 in
1066 2416 1151 2482 dicto
1165 2416 1312 2483 Prioratu
1336 2430 1368 2482 et
1391 2416 1528 2482 ecclesiis
1551 2416 1584 2480 in
1604 2416 1720 2483 diocesi
1734 2417 1856 2483 Dublin

467 2520 643 2585 constitutis
657 2520 743 2585 dicto
757 2520 907 2608 prioratui
923 2520 1106 2608 apropriatis
1124 2522 1326 2609 personaliter
1347 2522 1584 2588 excercentibus
1598 2524 1778 2610 procuracio
1800 2549 1856 2591 sex

466 2647 639 2690 marcarum
654 2625 775 2713 argenti
789 2638 912 2690 tantum
926 2623 1057 2712 singulis
1073 2625 1160 2689 annis
1175 2625 1289 2711 quibus
1304 2625 1465 2691 visitarent
1479 2626 1624 2692 exhiberi
1639 2627 1766 2694 solebat.

531 2729 654 2795 Verum
678 2731 752 2816 quia
775 2730 876 2795 dictus
900 2729 1059 2795 Prioratus
1082 2744 1209 2818 propter
1228 2731 1350 2798 ruinam
1373 2732 1480 2797 edium
1504 2748 1675 2799 vestrarum
1699 2758 1734 2800 ae
1757 2736 1856 2802 eciam

467 2836 598 2923 injustas
613 2852 644 2902 et
652 2837 778 2903 hostiles
790 2837 1012 2924 oocupaciones
1027 2862 1062 2903 ac
1074 2837 1265 2904 vastaciones
1274 2852 1425 2905 terrarum
1436 2838 1661 2926 possessionum
1673 2838 1857 2928 pensionum

467 2942 649 3007 reddituum
669 2943 860 3032 aliarumque
881 2945 1110 3011 obvencionum
1126 2946 1335 3033 predictarum
1355 2971 1390 3011 ac
1406 2959 1533 3034 propter
1553 2945 1682 3010 nimiam
1706 2970 1857 3012 annorum

468 3047 662 3114 sterilitatem
677 3049 841 3114 hominum
856 3063 888 3116 et
902 3052 1083 3117 animalium
1098 3053 1318 3118 mortalitatem
1333 3053 1492 3141 hospitum
1508 3052 1734 3118 confluencium
1749 3077 1856 3120 onero-

469 3178 534 3219 sam
558 3166 591 3219 et
606 3153 736 3218 aliorum
755 3155 968 3241 oppressiones
982 3155 1172 3221 indictorum
1187 3169 1219 3222 et
1233 3153 1515 3243 superindictorum
1535 3155 1656 3242 aliaque
1679 3157 1859 3244 gravamina

469 3261 583 3346 quibus
598 3259 696 3324 resisti
711 3283 775 3323 non
789 3258 893 3345 potuit
907 3258 994 3344 quasi
1008 3258 1133 3325 infinita
1147 3259 1283 3325 adtente
1298 3259 1488 3347 paupertatis
1505 3260 1660 3324 miseriam
1670 3261 1738 3346 jam
1753 3262 1858 3327 evenit

469 3365 553 3451 quod
568 3367 650 3431 bona
665 3364 741 3429 dicti
757 3365 916 3430 Prioratus
930 3366 1126 3431 remanencia
1137 3390 1193 3453 pro
1208 3366 1358 3431 mediocri
1369 3366 1595 3432 sustentacione
1607 3367 1724 3433 Prioris
1739 3381 1772 3433 et
1784 3393 1856 3435 con-

469 3485 580 3538 ventus
592 3473 649 3537 vix
664 3473 820 3538 sufficiant
830 3511 836 3525 ·
848 3498 903 3560 per
914 3499 974 3560 que
987 3474 1087 3540 dictus
1096 3475 1255 3540 Prioratus
1270 3475 1347 3540 adeo
1362 3489 1408 3539 est
1420 3475 1580 3562 depressus
1589 3474 1674 3560 quod
1684 3476 1745 3540 nisi
1756 3476 1856 3542 eidem

469 3577 599 3642 celerius
610 3589 805 3643 succurratur
814 3591 877 3654 tarn
889 3577 991 3642 cultus
1000 3578 1125 3642 divinus
1136 3591 1168 3643 et
1178 3577 1337 3666 religionis
1348 3579 1548 3645 observancia
1559 3603 1653 3665 quam
1665 3579 1725 3644 alia
1736 3580 1857 3668 pietatis

469 3705 564 3768 opera
576 3681 610 3745 iu
624 3681 692 3768 ipso
708 3681 852 3748 Prioratu
866 3681 905 3746 de
921 3681 1101 3748 necessitate
1120 3683 1285 3747 cessabunt
1297 3719 1303 3732 ·
1315 3681 1461 3768 idemque
1477 3682 1634 3747 Prioratus
1649 3684 1689 3748 ad
1703 3682 1857 3774 irrecupe-

469 3788 575 3853 rabilis
586 3788 787 3856 desolacionis
801 3790 1005 3878 opprobrium
1019 3791 1104 3878 quod
1114 3790 1195 3856 absit
1209 3789 1361 3878 proximis
1372 3788 1484 3854 futuris
1499 3790 1691 3877 temporibus
1706 3791 1855 3857 verisimi-

471 3893 543 3959 liter
557 3893 737 3958 deducetur.

535 4001 640 4081 Quare
655 4001 744 4066 nobis
756 4001 916 4069 humiliter
931 4002 1125 4090 supplicastis
1140 4001 1285 4090 quatinus
1299 4001 1388 4068 vobis
1407 4025 1442 4066 ac
1457 4000 1613 4067 Prioratui
1627 4015 1729 4068 vestro
1744 4015 1776 4068 et
1789 4025 1856 4068 suc·

471 4106 641 4173 sessoribus
661 4107 769 4172 vestris
791 4110 1017 4196 compacientes
1032 4110 1127 4174 simus
1148 4134 1183 4175 ac
1205 4108 1380 4174 exilitatem
1403 4108 1584 4174 reddituum
1604 4124 1636 4176 et
1649 4125 1857 4198 proventuum

471 4211 681 4298 predictorum
693 4211 744 4298 pie
758 4212 873 4276 mentis
888 4213 992 4278 oculos
1007 4213 1236 4278 considerantes
1251 4236 1290 4278 ne
1305 4213 1386 4277 ultra
1395 4227 1529 4298 quatuor
1543 4239 1659 4281 marcas
1670 4216 1704 4280 in
1714 4239 1856 4303 procura·

470 4316 560 4382 cione
571 4316 639 4404 ipsa
653 4316 719 4382 sitis
733 4316 863 4382 ulterius
877 4318 966 4384 nobis
978 4333 1031 4383 aut
1045 4318 1270 4384 successoribus
1284 4319 1396 4384 nostris
1410 4319 1444 4385 in
1459 4321 1726 4412 archiepiscopatu
1737 4325 1858 4391 Dublin

470 4423 646 4512 aliqualiter
660 4425 791 4514 obligati
808 4463 815 4478 ·
831 4439 877 4493 set
892 4440 1025 4513 quatuor
1044 4449 1216 4494 marcarum
1235 4427 1392 4496 solucione
1415 4429 1511 4496 umus
1525 4455 1581 4521 pro
1596 4443 1735 4522 tempore
1753 4446 1857 4498 nostro

1825 4553 1858 4604 et
