4284 5412
990 575 1010 647 ⁵
1029 657 1032 664 .

297 727 509 796 discedentem
518 753 593 795 vero
602 729 718 817 absque
728 731 943 798 communium
949 732 1109 800 literarum
1119 747 1290 802 vestrarum
1301 736 1449 804 cancione
1459 738 1563 804 nullus
1579 739 1692 806 audeat

299 836 441 905 retinere.

362 943 446 1008 Cum
460 957 566 1010 autem
577 943 721 1032 generale
736 943 939 1011 interdictum
950 959 1030 1010 terre
1041 943 1137 1010 fuerit
1151 945 1245 1011 liceat
1257 945 1347 1012 vobis
1361 946 1473 1013 clausis
1484 949 1593 1035 januis
1610 988 1616 1001 ·
1632 974 1689 1015 ex·

297 1049 388 1116 clusis
399 1051 679 1118 excommunicatis
690 1067 722 1118 et
731 1051 906 1119 interdictis
917 1092 923 1104 ·
933 1077 998 1118 non
1009 1053 1139 1141 pulsatis
1150 1053 1308 1141 campanis
1323 1078 1485 1142 suppressa
1495 1080 1572 1121 voce
1582 1055 1691 1121 divina

297 1156 398 1223 officia
412 1157 576 1224 celebrare.
621 1157 804 1224 Inhibemus
819 1182 943 1245 quoque
958 1183 998 1224 ne
1013 1159 1082 1244 quis
1097 1158 1131 1225 in
1142 1183 1197 1225 vos
1208 1159 1260 1225 vel
1274 1159 1436 1226 ecclesiam
1450 1175 1584 1226 vestram
1601 1200 1608 1212 ·
1624 1161 1690 1227 sine

297 1261 459 1328 manifesta
473 1276 605 1328 etoausa
619 1262 796 1328 rationabili
807 1302 814 1314 ·
827 1262 1165 1329 excommunicacionis
1180 1261 1231 1328 vel
1245 1262 1405 1328 interdicti
1421 1265 1606 1332 sententiam
1618 1290 1689 1355 pro·

296 1366 373 1432 ferre
388 1381 555 1454 presumat
599 1368 746 1434 Preterea
768 1368 1008 1435 consuetudines
1031 1381 1064 1434 et
1086 1367 1229 1454 antiquas
1244 1367 1403 1434 libertates
1425 1384 1457 1435 et
1477 1369 1690 1437 immunitates

296 1472 398 1540 eidem
417 1472 545 1538 ecclesie
564 1471 791 1540 rationabiliter
813 1497 993 1540 concessas·
1014 1487 1048 1538 et
1060 1472 1210 1538 haetenus
1230 1472 1405 1538 observatas
1423 1489 1525 1540 -ratas
1539 1475 1690 1542 babemus

298 1593 329 1645 et
341 1579 446 1646 firmas
461 1580 652 1669 temporibus
666 1580 780 1645 futuris
795 1605 976 1668 permanere
991 1579 1173 1646 sanccimus.

360 1687 437 1754 Paci
452 1711 576 1774 quoque
599 1699 632 1752 et
645 1685 864 1772 tranquillitati
879 1701 980 1750 vestre
994 1697 1124 1772 paterna
1145 1682 1356 1749 sollicitudine
1371 1683 1535 1771 providere
1551 1686 1691 1752 volentes

299 1791 480 1857 auctoritate
502 1789 671 1879 apostolica
692 1787 895 1878 prohibemus
917 1802 954 1853 ut
976 1787 1057 1852 infra
1081 1786 1237 1852 clausuras
1251 1787 1391 1853 locorum
1414 1813 1469 1855 seu
1488 1792 1689 1881 grangiarum

298 1909 467 1963 vestrarum
481 1897 585 1962 nullus
604 1895 792 1963 violenciam
812 1895 863 1960 vel
879 1894 1020 1982 rapinam
1034 1917 1089 1958 seu
1103 1892 1222 1958 furtum
1237 1893 1431 1960 committere
1449 1935 1455 1946 ·
1471 1897 1578 1985 ignem
1594 1923 1689 1988 appo-

298 2023 369 2067 nere
386 2039 392 2053 ·
408 2001 567 2067 hominem
579 2025 689 2090 capere
704 2001 756 2067 vel
770 2001 943 2067 interficere
958 2000 1063 2086 aliqua
1077 1999 1250 2066 temeritate
1265 2017 1431 2088 presumat.

360 2108 508 2175 Obeunte
522 2133 596 2175 vero
611 2125 642 2174 te
657 2133 740 2175 nuno
755 2109 896 2196 ejusdem
911 2108 972 2174 loci
988 2107 1098 2174 Priore
1112 2107 1165 2173 vel
1184 2120 1310 2173 tuorum
1325 2108 1467 2194 quolibet
1480 2135 1690 2178 successorum

297 2212 399 2278 nullus
407 2213 452 2280 ibi
462 2214 815 2302 qualibetsurrepcionis
827 2215 940 2280 astutia
954 2239 1008 2280 seu
1020 2213 1174 2280 violencia
1185 2228 1391 2301 preponatur·
1404 2215 1464 2280 nisi
1476 2240 1569 2302 quem
1581 2217 1689 2284 fratres

298 2321 454 2386 communi
468 2344 620 2387 consensu
635 2320 686 2386 vel
700 2320 832 2386 fratrum
847 2321 946 2407 major
960 2345 1030 2409 pars
1045 2319 1167 2386 consilii
1183 2319 1311 2385 sanioris
1332 2321 1503 2386 seeundum
1519 2321 1581 2388 Dei
1596 2324 1688 2390 timo-

298 2449 360 2492 rem
375 2439 408 2492 et
418 2427 501 2492 beati
516 2427 690 2515 Augustini
704 2428 844 2517 regulam
859 2428 1054 2516 providerint
1068 2425 1258 2514 eligendum.

360 2537 559 2625 Sepulturam
575 2561 700 2624 quoqne
714 2536 813 2625 ipsius
827 2536 889 2602 loci
904 2536 1035 2600 liberam
1049 2557 1115 2600 esse
1130 2532 1326 2599 decemimus
1348 2546 1506 2599 uteorum
1522 2535 1688 2603 devocioni

296 2654 474 2708 etextreme
488 2641 643 2706 voluntati
653 2639 709 2727 qui
717 2665 749 2706 se
761 2639 826 2706 illic
841 2639 964 2728 sepeliri
979 2638 1222 2705 deliberaverint
1234 2677 1240 2690 ·
1252 2637 1313 2703 nisi
1325 2638 1404 2704 forte
1419 2643 1686 2710 excommunicati

293 2747 342 2812 vel
356 2745 516 2812 interdicti
530 2746 592 2812 sint
607 2784 614 2797 ·
630 2745 735 2810 nullus
755 2744 891 2811 obsistat.
938 2743 1031 2809 Salva
1046 2755 1151 2807 tamen
1161 2741 1290 2828 justicia
1304 2742 1429 2808 illarum
1448 2746 1648 2814 ecclesiarum
1668 2775 1687 2816 a

295 2853 405 2939 quibus
419 2866 613 2918 mortuorum
628 2876 757 2940 corpora
768 2863 974 2918 assumuntur.
1002 2848 1209 2915 Deoernimus
1224 2873 1298 2936 ergo
1314 2862 1350 2914 nt
1358 2849 1437 2914 nulli
1447 2851 1574 2917 omnino
1583 2853 1685 2918 homi·

292 2982 365 3024 num
379 2958 474 3026 liceat
488 2971 657 3045 pretactam
672 2955 835 3022 ecclesiam
850 2967 966 3020 temere
981 2955 1161 3041 perturbare
1175 2991 1182 3005 ·
1195 2967 1249 3018 aut
1263 2954 1330 3040 ejus
1345 2954 1550 3041 possessiones
1565 2958 1685 3024 auferre

293 3066 341 3132 vel
356 3066 473 3132 ablatas
487 3063 620 3130 retinere
637 3101 644 3114 ·
660 3062 801 3128 minuere
821 3084 875 3126 seu
891 3060 1084 3147 quibuslibet
1098 3060 1324 3127 vexacionibns
1341 3061 1471 3148 l'atigare
1488 3100 1494 3112 ·
1511 3062 1565 3127 sed
1579 3063 1686 3128 omnia

294 3169 414 3260 integra
427 3183 648 3237 conserventur
662 3191 770 3233 eorum
785 3190 842 3256 pro
857 3189 991 3252 quorum
1005 3165 1237 3254 gubernacione
1252 3180 1284 3231 et
1298 3166 1525 3232 sustentaeione
1540 3191 1685 3234 concessa

293 3291 362 3343 sunt
375 3277 483 3342 usibus
498 3273 685 3340 omnimodis
700 3273 869 3361 profutura.
902 3271 995 3338 Salva
1010 3271 1091 3337 sedis
1105 3270 1274 3358 apostolice
1286 3269 1469 3337 auctoritate
1484 3285 1516 3337 et
1526 3272 1685 3339 diocesani

294 3382 430 3472 episcopi
445 3382 594 3449 canonica
603 3382 740 3468 justicia.

357 3491 391 3558 Si
407 3515 469 3577 qua
482 3489 580 3579 igitur
594 3489 626 3554 in
639 3489 781 3554 futurum
792 3486 1000 3554 ecclesiastica
1013 3485 1199 3552 secularisve
1214 3508 1343 3573 persona
1354 3484 1435 3550 hanc
1450 3497 1553 3550 nostre
1568 3487 1683 3552 consti-

293 3601 424 3667 tueiouis
438 3597 585 3688 paginam
600 3599 699 3664 sciens
714 3611 822 3664 contra
836 3620 905 3662 earn
914 3611 1030 3662 temere
1046 3593 1153 3659 venire
1166 3591 1365 3680 temptaverit
1376 3629 1382 3642 ·
1393 3589 1529 3656 secundo
1545 3589 1682 3657 terciove

291 3705 478 3772 commonita
491 3702 550 3769 nisi
559 3717 680 3769 reatum
691 3726 782 3767 suum
792 3701 889 3789 digna
899 3699 1106 3766 satisfactione
1121 3698 1293 3765 correxerit
1304 3737 1310 3749 ·
1320 3698 1480 3787 potestatis
1491 3699 1680 3786 honorisque

292 3813 337 3878 sui
351 3811 505 3901 dignitate
520 3823 623 3876 careat
633 3847 639 3860 ·
650 3832 796 3895 reamque
811 3831 843 3872 se
858 3806 968 3872 divino
978 3805 1101 3892 judicio
1116 3805 1251 3871 existere
1266 3804 1306 3870 de
1321 3819 1498 3892 perpetrata
1512 3806 1679 3892 iniquitate

292 3931 471 4008 eognoscat·
484 3929 516 3982 et
525 3940 543 3980 a
553 3913 756 3981 sacratissimo
767 3935 896 4000 corpore
908 3935 943 3976 ac
955 3909 1105 3998 sanguine
1112 3908 1174 3974 Dei
1185 3922 1217 3974 et
1226 3907 1357 3972 Domini
1366 3907 1570 3997 redemptoris
1581 3911 1679 3976 nostri

291 4029 387 4094 Jheau
398 4023 516 4094 Christi
531 4022 632 4089 aliena
646 4022 721 4087 fiat·
738 4037 831 4105 atque
846 4018 880 4082 in
894 4030 1037 4082 extremo
1052 4013 1198 4080 examine
1214 4010 1353 4078 districte
1372 4010 1486 4077 ultioni
1510 4014 1676 4101 subjaceat.

291 4133 418 4202 Cunctis
440 4145 545 4197 autern
568 4129 671 4197 eidam
694 4129 763 4195 loeo
790 4151 846 4193 sua
862 4126 936 4211 jura
958 4123 1153 4189 servantibus
1176 4121 1216 4188 sit
1230 4144 1295 4209 pax
1313 4119 1443 4186 Domini
1466 4121 1563 4186 nostri
1578 4123 1599 4188 J
1600 4123 1677 4188 hesu

292 4241 405 4307 Christi
422 4280 428 4292 ·
445 4239 591 4327 quatinus
616 4253 648 4305 et
666 4237 719 4304 hio
735 4236 871 4303 fructum
891 4235 973 4300 bone
996 4231 1127 4299 actionis
1141 4229 1317 4320 percipiant
1333 4268 1339 4280 ·
1355 4244 1387 4295 et
1401 4229 1485 4318 apud
1500 4231 1675 4297 districtum

286 4347 423 4434 judicem
448 4345 567 4436 premia
589 4359 694 4411 eterne
717 4343 803 4432 pacis
822 4341 985 4410 inveniant
1008 4363 1131 4406 amen.
1175 4337 1295 4404 Datum
1311 4337 1437 4403 Vorone
1461 4360 1517 4424 per
1546 4361 1673 4401 manum

1547 4442 1673 4507 Alberti
