4368 5408
1188 625 1224 689 xl

484 813 579 855 unam
602 791 751 859 videlicet
772 792 876 882 sigillo
896 792 1010 860 nobilis
1032 794 1092 858 viri
1107 795 1262 862 Willelmi
1278 797 1453 864 Marescalli
1472 799 1629 886 quondam
1652 801 1774 866 comitis
1789 801 1870 868 Pen-

484 896 611 964 broehie
627 899 718 964 aliam
728 923 802 965 vero
818 899 920 988 sigillo
935 900 1121 966 venerabilis
1136 903 1170 966 in
1185 903 1300 968 christo
1315 904 1410 991 patris
1426 919 1458 969 et
1478 904 1598 970 domini
1615 905 1686 971 Ade
1702 906 1753 971 dei
1768 907 1874 994 gracia

483 1004 641 1104 quondam
652 1005 790 1092 episcopi
801 1005 966 1072 Feruensis
981 1021 1013 1073 et
1023 1007 1151 1074 terciam
1163 1007 1267 1097 sigillo
1280 1010 1419 1095 ejusdem
1434 1010 1529 1098 patris
1539 1027 1570 1076 et
1579 1011 1688 1076 decani
1701 1026 1732 1077 et
1743 1012 1873 1100 capituli

482 1108 610 1174 ecclesie
640 1110 825 1177 cathedralis
849 1112 1015 1178 Feruensis
1038 1126 1075 1188 ut
1099 1113 1201 1202 prima
1223 1115 1302 1181 faeie
1325 1116 1492 1183 videbatur
1518 1117 1713 1204 consignatas
1741 1142 1872 1203 quarum

482 1232 603 1284 tenores
619 1220 658 1285 de
673 1221 770 1285 verbo
786 1219 825 1284 ad
841 1220 973 1285 verbum
987 1219 1116 1286 inferius
1131 1220 1350 1288 deseribuntur
1365 1237 1396 1288 et
1411 1224 1612 1289 continentur
1626 1223 1729 1288 eidem
1744 1224 1871 1289 domino

481 1337 514 1390 et
529 1325 655 1390 officiali
666 1325 860 1410 judicialiter
875 1326 1066 1414 presentavit
1080 1339 1112 1393 et
1126 1328 1274 1394 exhibuit
1289 1352 1296 1365 ·
1313 1341 1422 1416 petens
1437 1344 1469 1395 et
1483 1353 1594 1418 rogans
1608 1343 1645 1394 ιιι
1659 1329 1760 1394 dietus
1775 1329 1873 1395 domi·

481 1457 540 1498 nus
564 1432 704 1498 officialis
729 1433 913 1499 auctoritate
939 1457 995 1498 sua
1015 1434 1172 1501 ordinaria
1193 1436 1375 1522 hujusmodi
1396 1437 1514 1502 litteras
1536 1436 1702 1524 originales
1724 1461 1799 1523 quas
1821 1436 1872 1502 vel

480 1537 617 1626 ipsarum
640 1539 797 1604 autentica
822 1539 1016 1627 exemplaria
1035 1540 1127 1606 certis
1150 1554 1183 1607 et
1204 1541 1354 1630 legitimis
1369 1543 1408 1608 de
1434 1542 1534 1608 causis
1556 1542 1597 1608 ad
1618 1557 1719 1629 partes
1740 1556 1872 1608 remotas

480 1648 584 1736 ipsum
598 1648 725 1713 nomine
741 1647 940 1713 dominorum
963 1671 1089 1712 suorum
1104 1662 1136 1712 et
1150 1649 1279 1714 ecclesie
1294 1649 1521 1716 antedictorum
1537 1649 1744 1714 transmittere
1759 1673 1870 1736 oppor-

480 1753 560 1818 tavit
573 1768 609 1818 ut
624 1754 752 1820 asseruit
766 1768 798 1820 et
813 1752 894 1840 ipsas
909 1753 1026 1818 litteras
1042 1752 1207 1839 originales
1218 1769 1344 1841 propter
1358 1753 1480 1818 viarum
1495 1766 1528 1819 et
1537 1753 1678 1818 locorum
1693 1753 1872 1822 discrimina

480 1883 516 1924 ae
531 1858 592 1924 alia
606 1859 744 1947 pericula
765 1858 887 1925 notoria
901 1858 963 1923 hiis
978 1857 1170 1946 temporibus
1184 1859 1387 1925 imminentia
1409 1860 1447 1926 ad
1468 1858 1649 1944 hujusmodi
1663 1859 1733 1924 loca
1753 1873 1872 1924 remota

479 1963 687 2029 transmittere
710 1987 775 2028 non
800 1963 936 2028 audebat
960 1986 1062 2048 neque
1083 1961 1202 2028 deferre
1217 1987 1224 2000 ·
1239 1962 1407 2050 diligenter
1432 1961 1599 2049 inspiceret
1624 1961 1819 2027 examinaret
1840 1978 1872 2027 et

479 2067 633 2156 inspectas
651 2067 845 2154 judicialiter
868 2066 1042 2155 publicaret
1065 2079 1098 2132 et
1122 2090 1177 2154 per
1201 2089 1366 2153 personam
1390 2066 1550 2156 publicam
1574 2081 1606 2130 et
1631 2066 1762 2133 scribam
1785 2091 1871 2131 suam

480 2175 631 2241 transumi
646 2188 679 2240 et
692 2173 867 2262 exemplari
882 2174 1017 2240 fideliter
1032 2175 1193 2248 mandaret
1207 2199 1242 2240 ac
1258 2175 1361 2262 sigillo
1376 2175 1470 2240 officii
1486 2174 1533 2238 sui
1549 2174 1746 2262 consignaret
1760 2199 1796 2240 ac
1811 2173 1871 2239 alia

481 2282 660 2348 decerneret
674 2295 706 2346 et
719 2281 834 2347 faceret
855 2304 916 2367 que
932 2279 1034 2345 officio
1054 2279 1159 2344 sucin
1180 2281 1239 2346 hac
1261 2295 1348 2368 parte
1362 2281 1587 2346 incumbebant
1601 2295 1637 2345 ut
1652 2281 1871 2368 transcriptum

480 2386 649 2451 earundem
673 2384 848 2450 litterarum
869 2385 903 2448 in
914 2383 1037 2469 judicio
1063 2396 1096 2449 et
1117 2399 1208 2448 extm
1217 2384 1375 2470 judicium
1395 2385 1542 2450 effectum
1563 2386 1764 2474 originalium
1787 2388 1869 2454 litte·

478 2516 582 2556 rarum
598 2492 824 2557 antedictarum
845 2491 960 2556 habere
975 2505 1078 2580 posset
1100 2506 1132 2556 et
1152 2491 1255 2557 eidem
1271 2492 1456 2580 transcripto
1470 2507 1602 2557 staretur
1617 2517 1652 2557 ao
1667 2492 1692 2557 si
1708 2493 1872 2581 originalia

478 2598 573 2684 hujus
587 2599 689 2662 forent
710 2597 863 2663 exhibita.
907 2599 979 2684 Ipse
994 2622 1068 2663 vero
1090 2596 1235 2663 dominus
1254 2597 1393 2663 officialis
1415 2611 1486 2686 post
1507 2598 1676 2664 earundem
1698 2599 1871 2664 litterarum

479 2717 623 2769 exactam
639 2702 871 2790 inspectionem
886 2718 918 2767 et
932 2701 1117 2790 diligentem
1139 2701 1408 2766 examinacionem
1423 2726 1479 2789 per
1494 2702 1596 2789 ipsum
1612 2715 1687 2768 tunc
1709 2703 1822 2768 factam
1839 2719 1871 2768 et

479 2808 619 2875 habitam
633 2809 790 2895 reperiens
812 2808 894 2895 ipsas
915 2807 1033 2871 litteras
1048 2807 1141 2872 fuisse
1162 2821 1195 2872 et
1216 2830 1281 2872 esse
1303 2831 1391 2871 sanas
1405 2822 1437 2872 et
1451 2807 1587 2895 integras
1602 2807 1750 2892 omnique
1772 2808 1870 2895 suspi-

479 2913 569 2980 cione
583 2912 724 2978 salsitatis
750 2927 888 2978 carentes
902 2927 939 2978 ut
953 2913 1089 3000 perfecte
1112 2912 1307 3000 consignatas
1328 2913 1421 2979 certis
1442 2912 1541 2978 causis
1564 2913 1727 2979 antedictis
1746 2928 1779 2979 et
1800 2913 1869 2979 aliis

478 3021 581 3108 ipsum
600 3019 799 3085 moventibus
810 3018 1002 3105 judicialiter
1016 3019 1189 3108 publicavit
1204 3035 1236 3085 et
1250 3043 1306 3107 per
1328 3045 1377 3085 me
1392 3021 1497 3085 Adam
1517 3019 1556 3085 de
1572 3020 1757 3107 Kyngeston
1779 3021 1868 3086 cleri·

478 3147 551 3188 cum
566 3123 729 3211 publicum
741 3122 924 3188 auctoritate
939 3123 1109 3210 apostolica
1123 3123 1278 3189 notarium
1293 3124 1426 3188 scribam
1441 3147 1532 3188 suum
1547 3124 1628 3211 ipsas
1643 3123 1761 3189 litteras
1776 3124 1868 3213 origi·

478 3231 563 3296 nales
578 3231 616 3295 de
629 3231 724 3295 verbo
740 3229 780 3294 ad
791 3231 923 3295 verbum
937 3231 995 3295 sub
1010 3229 1107 3294 forma
1124 3228 1251 3316 publica
1265 3229 1416 3294 transumi
1428 3243 1460 3294 et
1470 3229 1642 3317 exemplari
1655 3254 1690 3295 ae
1700 3230 1868 3297 earundem

478 3351 599 3404 tenores
623 3338 666 3403 sie
690 3338 890 3425 transcriptos
911 3351 944 3402 et
965 3338 1159 3425 exemplator
1181 3337 1214 3402 in
1236 3337 1366 3403 somnam
1399 3338 1559 3425 publicam
1582 3337 1722 3403 redactos
1744 3338 1810 3402 vim
1832 3361 1868 3404 ac

478 3441 694 3507 auctoritatem
709 3439 909 3529 originalium
920 3441 1089 3506 earundem
1104 3441 1277 3506 litterarum
1287 3442 1402 3508 habere
1417 3457 1450 3508 et
1464 3457 1614 3530 perpetuo
1626 3444 1739 3510 habere
1755 3444 1867 3512 debere

477 3545 512 3610 in
522 3547 726 3632 judicialibus
735 3561 767 3612 et
780 3561 872 3614 extra
885 3546 1076 3632 ubicumque
1092 3547 1241 3614 effectum
1250 3548 1420 3614 earundem
1435 3548 1634 3637 originalium
1646 3549 1821 3616 litterarum
1835 3565 1868 3618 et

481 3655 532 3735 [ut
540 3649 570 3737 l]
583 3651 686 3718 eidem
698 3653 834 3740 presenti
849 3651 1034 3740 transcripto
1045 3651 1110 3716 sive
1122 3652 1329 3717 instrumento
1338 3651 1465 3740 publico
1474 3669 1573 3718 stetur
1583 3653 1714 3720 firmiter
1722 3655 1755 3720 in
1766 3657 1866 3722 omni-

478 3759 536 3823 bus
551 3757 631 3822 sicut
645 3757 761 3822 eisdem
778 3756 981 3845 originalibus
997 3755 1107 3820 litteris
1129 3770 1261 3821 staretur
1275 3754 1301 3820 si
1316 3756 1417 3821 forent
1431 3757 1573 3824 exhibite
1588 3759 1639 3824 vel
1654 3772 1774 3825 ostense
1782 3761 1867 3846 judi·

478 3860 599 3926 cialiter
609 3862 831 3949 pronunciavit
838 3877 931 3949 atque
941 3862 1090 3929 decrevit.
1108 3863 1213 3928 Tener
1224 3887 1296 3930 vero
1305 3865 1405 3952 prime
1416 3864 1518 3930 littere
1530 3865 1684 3931 dictarum
1693 3866 1866 3934 litterarum

478 3967 549 4032 talis
573 3983 630 4033 est.
677 3969 777 4050 [Here
796 3971 918 4056 follows
938 3970 984 4036 tJre
1007 3971 1123 4036 clamer
1145 3971 1181 4056 of
1200 3971 1336 4035 Witiam
1359 3971 1517 4048 Marsltall,
1538 3975 1664 4059 printed
1685 3998 1768 4060 pape
1798 3975 1863 4064 15.]

479 4071 585 4138 Tenor
594 4087 699 4139 autem
708 4075 843 4140 secunde
853 4074 956 4141 littere
970 4073 1039 4140 talis
1048 4089 1106 4139 est.
1144 4075 1307 4141 Universis
1319 4075 1436 4141 Christi
1447 4075 1592 4142 fidelibus
1608 4077 1647 4142 ad
1656 4101 1733 4163 qnos
1742 4103 1866 4167 presen-

478 4193 523 4246 tes
538 4180 640 4246 littere
655 4179 856 4267 pervenerint
869 4179 975 4244 Adam
990 4178 1192 4267 permissione
1207 4177 1316 4244 divina
1330 4179 1496 4245 Feruensis
1510 4180 1673 4268 episeopus
1687 4182 1819 4248 salutem
1832 4183 1867 4250 in

479 4286 621 4352 Domino
636 4284 864 4372 sempiternam.
891 4284 1050 4350 Noveritis
1064 4308 1121 4350 nos
1136 4284 1293 4371 quandam
1307 4284 1443 4350 litteram
1458 4287 1539 4351 bone
1555 4286 1704 4353 memorie
1719 4288 1866 4378 Hugonis

476 4391 699 4482 predecessoris
713 4390 810 4457 nostri
825 4415 888 4456 non
899 4414 999 4457 rasam
1013 4415 1077 4457 non
1088 4393 1236 4460 abolitam
1250 4392 1350 4459 necin
1365 4393 1470 4480 aliqua
1484 4407 1570 4481 perte
1582 4393 1727 4460 viciatam
1738 4395 1865 4484 inspex-

1807 4527 1866 4569 isse
