4368 5408
951 617 1017 690 lxv

281 795 392 861 litteris
418 795 598 884 patentibus
618 795 741 883 plenius
762 797 941 865 continetur
964 800 1004 865 ad
1019 823 1095 886 quas
1106 800 1260 886 juratores
1274 799 1309 864 in
1324 825 1362 866 ea
1376 815 1463 889 parte
1478 827 1510 868 se
1526 803 1673 869 referunt.

284 903 405 970 Dimmt
418 915 560 992 preterea
569 902 724 988 jussores
737 917 831 990 super
840 918 1070 970 sacramentum
1080 927 1172 970 suum
1182 903 1269 991 quod
1280 919 1350 992 post
1358 906 1592 972 concessionem
1607 931 1676 995 pre-

283 1009 400 1078 dictam
411 1011 560 1100 productis
570 1010 794 1100 prenominatis
804 1011 917 1097 majori
923 1012 1048 1078 ballivis
1059 1025 1092 1078 et
1101 1012 1224 1078 civibus
1235 1035 1291 1099 per
1300 1011 1399 1077 dictus
1409 1011 1528 1080 litteras
1536 1027 1677 1100 patentes

282 1119 377 1184 factas
391 1130 423 1184 et
437 1140 596 1184 concessas
611 1114 757 1180 dominus
771 1138 873 1204 nuper
894 1139 952 1180 rex
967 1115 1143 1180 Edwardus
1164 1128 1272 1180 sextus
1286 1113 1407 1202 Anglio
1421 1113 1554 1180 Francis
1568 1127 1602 1181 et
1616 1111 1676 1180 Hi-

282 1224 390 1290 bernie
401 1247 457 1312 per
470 1222 589 1288 litteras
600 1243 669 1286 suas
684 1233 826 1307 patentes
840 1231 983 1307 gerentes
997 1218 1107 1283 datum
1115 1217 1265 1282 vicesimo
1280 1215 1381 1304 primo
1394 1217 1446 1282 die
1462 1217 1583 1306 Aprilis
1595 1243 1677 1284 enno

283 1332 370 1421 regni
385 1331 434 1396 sui
445 1331 583 1397 secundo
598 1328 761 1394 constituit
775 1327 895 1394 creavit
908 1327 1065 1394 ordinavit
1075 1339 1108 1392 et
1118 1325 1193 1392 fecit
1203 1339 1278 1391 tunc
1289 1325 1440 1411 majorem
1449 1324 1582 1390 ballivos
1592 1325 1677 1392 cives

282 1453 314 1504 et
327 1435 586 1504 communitatem
601 1433 684 1500 dicte
699 1432 836 1500 civitatis
857 1431 980 1499 Dublin
997 1455 1097 1498 unum
1119 1453 1230 1518 corpus
1252 1429 1485 1516 incorporatum
1499 1429 1627 1496 nomine
1645 1445 1678 1497 et

283 1543 363 1610 facto
383 1543 617 1632 imperpetuum
639 1555 671 1608 et
694 1541 779 1629 quod
801 1565 843 1607 ex
863 1556 939 1608 tunc
960 1539 1115 1606 nominari
1138 1538 1288 1606 deberent
1302 1536 1472 1604 concedere
1493 1536 1631 1625 recipere
1646 1552 1679 1603 et

284 1646 462 1735 perquirere
476 1669 534 1734 per
547 1662 662 1712 nomen
676 1644 803 1730 majoris
817 1643 1040 1710 vicecomitum
1054 1643 1173 1708 civium
1187 1641 1420 1708 communitatis
1434 1641 1676 1731 imperpetuum.

285 1751 328 1819 Et
341 1754 473 1821 ulterius
482 1753 594 1819 dicunt
603 1754 758 1840 juratores
769 1775 863 1839 super
873 1765 1098 1818 sacromentum
1115 1776 1206 1818 suum
1221 1752 1307 1838 quod
1321 1753 1421 1838 major
1435 1752 1571 1819 civitatis
1584 1753 1676 1820 Dub-

283 1861 328 1926 lin
339 1859 542 1927 vicecomites
551 1859 635 1926 cives
647 1872 679 1924 et
690 1849 897 1924 communitos
912 1857 1052 1944 ejusdem
1064 1857 1200 1923 civitatis
1210 1873 1243 1924 et
1254 1857 1486 1946 predecessores
1501 1858 1549 1924 sui
1565 1883 1583 1924 a
1597 1871 1675 1925 tem-

284 1991 358 2056 pore
372 1965 578 2034 concessionis
596 1965 807 2054 predictarum
819 1965 993 2031 litterarum
1004 1965 1184 2054 potencium
1194 1964 1257 2030 huc
1272 1987 1371 2050 usque
1382 1963 1538 2053 legittime
1549 1965 1677 2031 fixerunt

284 2072 380 2140 scisiti
394 2071 454 2138 sibi
464 2083 497 2138 et
506 2071 733 2138 successoribus
741 2071 805 2138 suis
819 2071 859 2138 de
868 2071 1013 2138 omnibus
1025 2071 1217 2161 prerecitatir
1225 2070 1381 2159 premissis
1390 2094 1463 2136 oum
1474 2069 1676 2159 pertinenciis

284 2177 368 2244 dieto
391 2199 493 2266 nuper
518 2177 626 2242 domui
651 2178 839 2244 monasterio
865 2178 931 2244 sive
955 2177 1106 2266 prioratui
1126 2177 1231 2263 aliquo
1257 2178 1351 2242 modo
1374 2177 1587 2266 spectantibus
1609 2178 1675 2244 sive

284 2283 522 2372 pertinentibus.
575 2283 615 2348 In
637 2283 728 2370 cujus
741 2284 787 2350 rei
801 2283 1016 2350 testimouium
1033 2297 1098 2352 tam
1114 2285 1250 2373 prefatus
1264 2297 1401 2352 escaetor
1415 2307 1510 2371 quam
1520 2284 1675 2370 juratores

284 2389 417 2478 predicti
443 2389 545 2478 sigilla
567 2414 622 2456 sua
647 2391 824 2458 alternatim
843 2408 1062 2481 apposuerunt.
1107 2394 1228 2459 Dotum
1252 2393 1303 2458 die
1326 2417 1408 2459 anno
1430 2407 1462 2459 ot
1483 2393 1553 2458 loco
1568 2416 1674 2480 supra-

284 2495 414 2584 scriptis.
453 2496 524 2578 Quo
535 2496 640 2564 omnin
654 2511 687 2563 et
701 2497 824 2588 singula
838 2499 878 2564 ad
901 2499 1081 2566 instantiam
1100 2513 1132 2566 et
1153 2499 1375 2586 requisiciones
1394 2497 1520 2583 majoris
1539 2509 1572 2564 et
1590 2498 1674 2565 vice·

285 2601 434 2666 comitum
449 2599 585 2667 civitatis
600 2601 723 2669 Duan
738 2603 796 2670 sub
811 2601 914 2692 sigillo
929 2603 1073 2671 scaccarii
1087 2603 1186 2669 nostri
1208 2601 1342 2691 predicti
1357 2601 1507 2668 duximus
1521 2604 1675 2693 exempli-

284 2705 405 2772 ficanda
419 2729 475 2794 per
490 2721 656 2795 presentes.
689 2707 730 2772 In
741 2707 831 2795 cujus
841 2709 887 2776 rei
901 2709 1114 2776 testimonium
1128 2709 1185 2775 has
1198 2709 1316 2776 littores
1330 2723 1449 2776 nostras
1462 2708 1531 2777 fieri
1546 2708 1675 2778 fecimus

285 2827 434 2900 potentes.
459 2813 554 2880 Teste
569 2814 741 2882 Edmundo
756 2817 887 2884 Pelham
901 2818 1002 2884 milite
1013 2817 1141 2907 capitali
1154 2820 1272 2885 barone
1282 2819 1427 2886 scaccarii
1442 2817 1576 2907 predicti
1590 2821 1675 2906 apud

286 2937 418 2988 castrum
433 2935 574 2988 nostrum
591 2921 715 2988 Dublin
730 2935 840 2990 octeno
849 2922 901 2990 dio
916 2923 1079 2990 Februarii
1094 2947 1177 2988 anno
1190 2923 1280 3010 regni
1294 2922 1392 2990 nostri
1406 2923 1527 3010 Anglie
1542 2923 1674 2990 Francie

285 3043 314 3092 et
341 3025 497 3093 Hibemie
523 3026 660 3093 seeundo
684 3039 716 3094 et
743 3023 847 3094 Scotie
870 3025 1041 3094 tricessimo
1063 3041 1174 3094 octavo
1198 3065 1204 3080 ·
1229 3029 1291 3094 Per
1315 3011 1701 3095 barones.-Re0rum'

285 3131 378 3212 Book,
394 3157 447 3222 pp.
465 3155 536 3221 215,
553 3138 624 3199 216.

328 4533 416 4579 IMSH
436 4531 531 4577 ARCH.
548 4531 611 4576 SOC.
633 4533 680 4574 10.
