4284 5412
955 647 995 712 61

913 914 1034 987 LXV.

537 1099 594 1172 br
610 1101 767 1172 annunt
783 1113 917 1190 pastun
935 1113 962 1172 tt
979 1121 1047 1174 aas
1064 1119 1136 1174 atta
1154 1102 1188 1174 tn
1205 1100 1412 1190 nulnum

343 1289 437 1353 Ciant
459 1301 615 1374 presentes
637 1301 670 1354 et
683 1288 780 1352 futuri
799 1289 883 1374 quod
905 1312 964 1378 ego
978 1289 1158 1355 Willelmus
1173 1289 1255 1354 filius
1270 1289 1482 1356 Bartholomei
1497 1291 1570 1357 dedi
1592 1317 1665 1357 con-

363 1393 441 1459 cessi
456 1408 489 1458 et
502 1392 561 1458 hae
584 1417 654 1458 mea
676 1393 812 1480 presenti
834 1407 919 1459 carta
942 1394 1124 1460 confirmavi
1139 1395 1210 1460 Deo
1223 1395 1313 1460 beate
1330 1395 1431 1462 Marie
1454 1408 1486 1462 et
1509 1399 1665 1463 canonicis

281 1500 432 1566 Omnium
445 1499 630 1565 Sanctorum
641 1499 737 1585 juxta
746 1498 867 1565 Dublin
879 1539 885 1551 ·
895 1524 951 1587 pro
967 1501 1065 1566 salute
1080 1501 1183 1566 anime
1197 1524 1266 1566 mee
1281 1512 1313 1566 et
1326 1501 1462 1588 Agnetis
1476 1502 1584 1566 uxoris
1599 1525 1666 1566 mee

280 1621 310 1672 et
323 1619 551 1672 autecessorum
575 1621 607 1673 et
620 1630 830 1673 successorum
853 1633 993 1674 meorum
1008 1610 1041 1674 in
1056 1633 1167 1698 puram
1188 1621 1221 1674 et
1239 1623 1421 1696 perpetuam
1443 1609 1642 1674 elemosinam
1660 1646 1666 1659 ·

279 1715 457 1780 comuniam
480 1729 604 1801 pasture
627 1739 695 1780 mee
718 1729 799 1780 terre
827 1739 887 1800 que
906 1715 992 1800 jacet
1014 1737 1120 1780 versus
1144 1713 1337 1778 occidentem
1364 1725 1487 1778 eterra
1511 1712 1666 1778 dictorum

279 1821 499 1887 canonicorum
522 1845 620 1906 usque
644 1821 684 1886 ad
698 1820 872 1909 ingressum
886 1820 961 1886 ville
984 1843 1052 1885 mee
1076 1834 1108 1884 et
1131 1843 1226 1884 unam
1246 1842 1348 1884 aeram
1370 1833 1449 1884 terre
1470 1841 1538 1883 mee
1554 1843 1615 1904 que
1635 1843 1667 1882 se

278 1928 424 1994 extendit
442 1951 461 1992 a
479 1927 564 1992 dicta
582 1939 708 2015 pastura
729 1949 835 1991 versus
858 1923 965 1989 villam
982 1922 1149 2011 Reginsldi
1172 1922 1317 2008 Serjaunt
1336 1921 1426 1986 sitam
1440 1921 1523 1987 inter
1536 1935 1669 2007 quatuor

279 2056 364 2097 acras
378 2055 455 2117 quas
464 2030 540 2096 dicti
553 2029 695 2095 canonici
710 2041 852 2094 emerunt
863 2027 902 2091 de
917 2050 967 2092 me
983 2051 1025 2092 ex
1041 2051 1103 2090 una
1114 2039 1199 2112 parte
1211 2039 1243 2091 et
1253 2039 1366 2091 terrem
1382 2051 1482 2092 meam
1498 2051 1539 2091 ex
1555 2027 1667 2093 altera·

277 2139 428 2203 tenendas
443 2136 641 2202 ethabendas
656 2135 714 2201 sibi
726 2148 758 2200 et
769 2133 993 2199 successoribus
1008 2132 1070 2196 suis
1080 2132 1118 2195 de
1130 2156 1180 2196 me
1196 2145 1228 2195 ot
1242 2133 1465 2198 suecessoribus
1480 2133 1557 2198 meis
1572 2133 1669 2199 libere

279 2259 314 2305 ct
329 2241 432 2326 quiete
449 2241 585 2328 plenarie
601 2259 632 2306 et
647 2241 766 2328 integre
783 2239 814 2303 in
830 2264 940 2328 puram
955 2252 986 2305 ct
1002 2253 1183 2326 perpetuam
1199 2239 1406 2304 elemosinam.

344 2348 415 2435 Ego
443 2370 516 2411 vero
540 2345 718 2412 Willelmus
742 2361 774 2410 ct
797 2367 984 2409 successores
1007 2342 1069 2406 mei
1093 2341 1266 2429 predictam
1295 2343 1473 2408 comuniam
1497 2358 1529 2408 ct
1552 2357 1666 2408 terram

278 2468 389 2519 contra
404 2478 510 2518 omnes
524 2453 666 2518 homines
681 2467 712 2518 et
727 2453 856 2518 seminas
871 2452 962 2516 dictis
984 2451 1141 2516 canonicis
1162 2464 1195 2516 et
1209 2450 1434 2518 successoribus
1448 2452 1510 2516 suis
1526 2453 1668 2516 warenti-

279 2557 428 2622 zsbirnus.
473 2557 517 2620 Et
539 2569 575 2620 ut
592 2555 651 2620 hec
673 2579 742 2621 mea
757 2555 888 2621 donacio
903 2555 1016 2620 futuris
1038 2555 1230 2643 temporibus
1252 2571 1355 2622 teneat
1377 2572 1410 2622 et
1429 2558 1531 2624 valeat
1545 2582 1669 2644 presens

277 2663 431 2750 scriptum
446 2662 646 2750 impressione
666 2661 761 2749 sigilli
776 2661 838 2727 mei
854 2660 985 2746 dignum
1000 2660 1080 2725 duxi
1099 2661 1316 2728 roborandum.
1361 2663 1434 2727 Hiis
1449 2663 1578 2729 testibus
1595 2665 1669 2728 ·do-

277 2769 368 2834 xnino
384 2768 522 2834 Henrico
538 2768 577 2832 de
592 2767 723 2832 Houeth
740 2807 746 2818 ·
763 2767 890 2832 domino
906 2766 1074 2855 Radulpho
1089 2767 1128 2832 de
1144 2767 1277 2856 Finogal
1293 2806 1300 2820 ·
1318 2768 1486 2856 Radulplro
1503 2769 1666 2855 Serjannt·

278 2872 417 2940 Ricardo
433 2874 471 2938 de
487 2873 632 2961 Finegles
650 2913 655 2924 ·
672 2875 766 2940 Petro
781 2873 820 2940 de
836 2873 969 2960 Culo[c]
986 2886 1018 2939 et
1033 2873 1100 2939 aliis
1116 2874 1230 2938 multis.

906 3222 1046 3294 LXVI.

644 3407 751 3479 caru
769 3409 910 3499 {Brutti
927 3407 1031 3496 aare
1046 3412 1082 3479 tr
1097 3413 1195 3481 usam
1212 3409 1303 3481 attis.

379 3594 410 3659 N
412 3596 519 3661 iversis
533 3609 637 3660 sancte
657 3595 763 3660 matris
777 3595 905 3661 ecclesie
920 3595 993 3660 filiis
1007 3621 1131 3684 presens
1146 3597 1295 3684 seriptum
1311 3595 1495 3682 inspecturis
1513 3592 1564 3658 vel
1579 3594 1666 3659 audi-

400 3701 478 3766 turis
493 3701 649 3766 Henricus
661 3701 759 3788 Tyrel
774 3701 913 3767 salutem.
937 3703 1051 3768 Vestra
1065 3704 1188 3770 noverit
1202 3703 1385 3769 universitas
1401 3725 1450 3766 me
1460 3700 1499 3765 de
1515 3723 1667 3766 consensu

270 3821 315 3872 et
333 3830 457 3872 assensu
471 3805 623 3870 heredum
642 3828 783 3870 meorum
798 3806 918 3872 dedisse
941 3819 973 3872 et
995 3808 1178 3873 concessisse
1201 3821 1234 3873 et
1255 3808 1313 3873 hac
1336 3805 1472 3895 presenti
1494 3819 1578 3870 carta
1601 3830 1670 3871 mea

270 3915 478 3978 confirmasse
493 3911 563 3976 Deo
586 3925 619 3976 et
637 3913 726 3977 beate
742 3909 843 3976 Marie
866 3925 899 3976 et
921 3910 1049 3977 ecclesie
1064 3911 1217 3977 Omnium
1233 3909 1417 3976 Sanctorum
1436 3909 1532 3994 juxta
1547 3907 1668 3975 Dublin

269 4037 314 4089 et
324 4021 481 4088 canonicis
491 4019 610 4087 ibidem
621 4019 730 4085 divina
741 4019 842 4086 officia
852 4043 909 4108 pro
920 4019 1017 4084 solute
1029 4019 1131 4084 anime
1142 4041 1210 4083 mee
1222 4031 1254 4083 et
1263 4017 1513 4106 predecessorum
1527 4037 1668 4079 meorum

270 4127 510 4196 celebrantibus
527 4165 533 4177 ·
549 4126 657 4191 decem
676 4150 760 4191 seras
774 4139 854 4192 terre
876 4149 945 4192 mee
966 4149 1039 4192 eum
1053 4124 1253 4213 pertinenciis
1267 4147 1328 4209 que
1339 4123 1447 4208 jacent
1460 4121 1542 4185 inter
1555 4133 1668 4183 terram

273 4229 438 4298 Willelmi
457 4232 496 4297 de
515 4231 631 4296 Frenes
654 4253 696 4295 ex
719 4253 782 4295 una
804 4243 892 4318 parte
915 4242 947 4294 et
969 4242 1083 4294 terram
1103 4227 1231 4294 Ricardi
1250 4226 1336 4292 Ruffi
1359 4250 1401 4292 ex
1421 4225 1516 4290 altera
1532 4263 1538 4274 ·
1555 4237 1668 4289 terram

276 4341 438 4409 ‹lictorum
458 4339 678 4406 canonicorum
698 4338 914 4427 contingentes
932 4337 965 4402 in
985 4361 1095 4426 puram
1115 4350 1146 4401 et
1164 4347 1348 4423 perpetrram
1370 4331 1569 4400 elemosinam
1584 4330 1666 4395 dicte

277 4449 411 4516 ecclesie
426 4463 458 4514 et
469 4447 624 4514 canonicis
639 4443 821 4533 supradictis
832 4465 1044 4532 permansuras
1054 4441 1165 4508 liberas
1179 4452 1212 4505 et
1222 4437 1341 4525 quietas
1352 4437 1392 4503 ab
1403 4435 1488 4500 omni
1503 4434 1666 4500 exactione

1536 4536 1663 4602 seculari
