4284 5412
1131 599 1177 695 36

1055 867 1246 942 XXXHI.

585 1053 630 1127 ln
647 1053 790 1146 parocbia
808 1050 933 1138 §aaa
950 1053 1136 1146 memorat
1155 1057 1189 1129 tu
1205 1055 1268 1128 tta
1285 1053 1403 1129 castrt
1419 1075 1451 1128 rr
1468 1067 1555 1148 parta
1572 1056 1721 1132 casuali.

566 1243 624 1310 Eo
639 1240 809 1308 dividenda
818 1252 947 1307 testatur
955 1242 1040 1328 quod
1050 1267 1106 1308 nos
1116 1243 1208 1308 Prior
1218 1255 1250 1308 et
1260 1255 1431 1309 conventus
1446 1243 1575 1310 ecclesie
1586 1244 1739 1310 Omnium
1751 1244 1846 1312 Sanc·

587 1363 689 1413 torum
708 1347 803 1433 juxta
817 1346 940 1413 Dublin
960 1347 1160 1415 concedimus
1181 1363 1213 1415 et
1230 1347 1270 1415 ad
1288 1349 1410 1414 firmam
1433 1350 1583 1415 tradimus
1597 1349 1760 1416 Willelmo
1775 1349 1846 1416 Foil

463 1455 526 1521 civi
541 1469 573 1521 et
586 1453 748 1519 mercatori
760 1451 882 1518 Dublin
896 1453 1052 1539 quandam
1067 1454 1205 1542 placeam
1220 1467 1354 1521 nostram
1369 1453 1449 1520 infra
1463 1479 1567 1520 muros
1581 1455 1716 1522 civitatis
1725 1456 1847 1523 Dublin

466 1561 500 1624 in
526 1560 596 1625 vico
618 1557 710 1625 castri
732 1559 766 1623 in
789 1559 935 1646 parochia
960 1559 1109 1626 videlicet
1131 1561 1259 1627 ecclesie
1284 1561 1397 1628 Sancte
1411 1561 1588 1650 Werburge
1614 1560 1654 1628 ad
1678 1561 1847 1628 terminum

465 1665 669 1753 quadraginta
694 1689 846 1730 annorum
863 1703 868 1716 ·
884 1665 1018 1731 termino
1038 1665 1208 1754 incipiente
1229 1667 1264 1731 in
1285 1667 1362 1732 festo
1376 1666 1557 1734 Natiuitatis
1573 1667 1680 1734 Sancti
1694 1667 1847 1734 Johannis

465 1772 606 1860 Baptista
632 1794 713 1836 anno
736 1770 867 1835 Domini
895 1770 1060 1836 millesimo
1089 1796 1142 1838 ccc
1172 1773 1407 1861 quadragesimo
1435 1774 1567 1861 septimo
1588 1812 1595 1825 ·
1615 1774 1791 1840 habendam
1815 1789 1848 1840 et

464 1879 629 1945 tenendam
645 1878 762 1966 prefato
776 1878 939 1944 Willelmo
953 1878 1120 1946 heredibus
1141 1893 1174 1946 et
1198 1880 1358 1968 assignatis
1379 1880 1442 1946 suis
1467 1881 1638 1968 predictam
1652 1881 1792 1969 placeam
1807 1881 1846 1947 de

464 1986 553 2050 nobis
578 1998 610 2049 et
632 1983 855 2050 successoribus
880 1983 992 2049 nostris
1007 1985 1111 2070 quiete
1125 1984 1205 2051 bene
1220 1997 1252 2050 et
1265 1985 1300 2048 in
1314 2007 1390 2072 pace
1408 2008 1506 2070 usque
1526 1985 1566 2050 ad
1580 1985 1676 2051 finem
1692 1987 1847 2052 dictorum

464 2089 667 2176 quadraginta
682 2113 833 2154 annorum
848 2091 995 2156 continue
1006 2092 1206 2178 sequencium
1217 2092 1354 2180 plenarie
1365 2091 1629 2180 complendorum.
1674 2093 1846 2160 Reddendo

463 2197 537 2262 inde
560 2197 720 2262 annuatim
735 2196 811 2262 dicti
826 2197 1006 2264 Willelmus
1019 2198 1149 2264 heredes
1172 2212 1205 2265 et
1225 2198 1370 2286 assignati
1389 2198 1438 2264 sui
1460 2197 1549 2264 nobis
1572 2209 1604 2263 et
1623 2198 1847 2265 successoribus

463 2304 573 2368 nostris
588 2305 727 2390 quinque
748 2304 862 2369 solidos
876 2305 997 2392 argenti
1012 2305 1052 2370 ad
1066 2305 1144 2370 duos
1164 2305 1238 2370 anni
1252 2305 1400 2371 terminos
1416 2342 1422 2355 ·
1439 2303 1637 2370 medietatem
1652 2303 1799 2370 videlicet
1813 2305 1846 2370 in

462 2410 539 2475 festo
554 2407 672 2475 Natalis
687 2410 817 2475 Domini
841 2425 874 2476 et
896 2411 989 2478 aliam
1013 2411 1212 2479 medietatem
1231 2413 1266 2477 in
1284 2412 1363 2477 festo
1377 2411 1557 2476 Natiuitatis
1574 2410 1680 2476 Sancti
1694 2409 1847 2476 Johannis

462 2519 601 2607 Baptiste
615 2520 746 2584 durante
765 2519 899 2584 termino
919 2517 1096 2607 supradicto
1113 2556 1119 2569 ·
1135 2541 1196 2604 que
1212 2517 1339 2603 quidem
1359 2515 1465 2603 placca
1477 2515 1560 2602 jacet
1579 2515 1613 2580 in
1633 2514 1798 2581 latitudine
1812 2516 1846 2580 in

461 2641 547 2714 parte
559 2627 704 2693 anteriori
718 2627 799 2692 inter
813 2638 1026 2692 tenementum
1040 2625 1152 2714 prefati
1166 2624 1321 2690 Willelmi
1336 2647 1442 2689 versus
1465 2622 1658 2688 occidentem
1680 2635 1712 2688 et
1726 2621 1846 2688 celdam

461 2745 595 2796 nostram
607 2753 700 2815 quarn
713 2730 963 2817 recuperavimus
977 2730 1017 2796 de
1029 2730 1163 2795 Ricardo
1175 2730 1314 2816 Ponteys
1328 2751 1434 2794 versus
1448 2728 1600 2793 orientem
1614 2741 1647 2793 et
1659 2728 1799 2794 continet
1813 2729 1846 2792 in

461 2848 547 2921 parte
567 2833 712 2899 anteriori
727 2833 760 2896 in
775 2832 940 2899 latitudine
958 2833 1074 2921 viginti
1092 2847 1125 2899 et
1142 2855 1242 2898 unum
1265 2833 1377 2921 pedem
1394 2871 1400 2884 ·
1416 2833 1450 2897 in
1468 2832 1573 2898 medio
1592 2834 1722 2922 triginta
1739 2847 1771 2901 et
1789 2859 1846 2901 sex

461 2939 556 3027 pedes
577 2939 728 3027 posterius
742 2963 817 3004 vero
838 2939 978 3005 continet
992 2939 1121 3027 triginta
1134 2953 1167 3004 et
1182 2938 1258 3004 duos
1273 2939 1367 3027 pedes
1383 2977 1390 2990 ·
1406 2950 1438 3004 ct
1452 2938 1596 3005 extendit
1615 2963 1646 3005 se
1661 2940 1695 3004 in
1709 2940 1844 3029 longitu-

461 3047 534 3112 dine
546 3071 564 3112 a
575 3047 627 3112 via
636 3046 733 3134 regali
744 3070 849 3111 versus
861 3047 1038 3132 aquilonem
1049 3071 1147 3132 usque
1159 3047 1199 3112 ad
1209 3046 1396 3112 cimiterium
1407 3046 1535 3112 ecclesie
1546 3046 1659 3112 Sancte
1667 3045 1844 3134 Werburge

461 3165 492 3217 et
507 3165 609 3216 ortum
624 3151 679 3237 qui
694 3151 850 3236 quondam
864 3150 925 3215 fuit
939 3150 1069 3216 Roberti
1084 3151 1185 3217 North
1200 3175 1305 3217 versus
1320 3163 1466 3217 arabum.

525 3259 596 3347 Ego
610 3281 684 3323 vero
699 3257 835 3345 prefatus
846 3256 1025 3322 Willelmus
1035 3257 1164 3323 heredes
1179 3269 1211 3323 et
1225 3258 1370 3346 assignati
1384 3259 1447 3324 mei
1459 3281 1551 3346 super
1565 3259 1694 3325 eandem
1706 3259 1843 3348 placeam

460 3389 554 3432 unam
580 3366 682 3432 aulam
696 3367 811 3432 bonam
834 3352 1045 3431 continentem
1066 3370 1101 3431 in
1115 3366 1311 3454 longitudine
1330 3365 1460 3455 triginta
1483 3379 1515 3431 et
1538 3379 1670 3450 quatuor
1693 3366 1787 3454 pedes
1809 3365 1843 3429 in

461 3471 625 3536 latitudine
641 3494 714 3536 vero
732 3469 848 3558 viginti
871 3483 903 3535 et
917 3493 1015 3535 unum
1030 3471 1143 3558 pedem
1166 3469 1310 3537 edificare
1332 3472 1476 3537 volumus
1496 3483 1528 3536 et
1547 3482 1689 3536 tenemur
1703 3494 1758 3559 per
1774 3493 1843 3558 pre·

462 3591 561 3641 sentes
583 3615 589 3628 ·
608 3591 640 3642 et
665 3578 796 3644 eandem
816 3600 914 3663 usque
940 3577 980 3642 ad
1002 3578 1097 3645 finem
1122 3579 1248 3645 termini
1272 3579 1477 3668 quadraginta
1499 3603 1651 3644 annorum
1676 3577 1843 3666 supradicti

462 3681 636 3768 sumptibus
650 3681 761 3746 nostris
775 3683 856 3747 bene
876 3695 908 3747 et
922 3695 1133 3770 competenter
1147 3684 1296 3750 sustinere
1311 3699 1343 3750 et
1356 3685 1390 3748 in
1401 3685 1462 3750 fine
1478 3684 1603 3750 termini
1617 3683 1651 3748 in
1665 3685 1748 3749 bono
1763 3695 1843 3748 statu

461 3788 600 3874 undique
615 3788 797 3875 relinquere.
841 3790 920 3856 Etsi
936 3791 1098 3878 contingat
1108 3791 1192 3877 quod
1203 3791 1360 3879 predictus
1373 3789 1512 3858 redditus
1524 3791 1662 3877 quinque
1676 3789 1844 3855 solidorum

460 3893 494 3957 in
509 3907 574 3958 toto
591 3892 640 3958 vol
654 3893 687 3958 in
702 3905 789 3981 parte
803 3893 837 3958 in
851 3894 956 3981 aliquo
970 3894 1103 3959 termino
1118 3919 1136 3960 a
1150 3908 1232 3960 retro
1242 3895 1337 3961 fuerit
1347 3896 1477 3961 durante
1492 3895 1625 3960 temrino
1641 3893 1844 3983 quadraginta

462 4022 612 4064 annorum
624 3999 800 4088 supradicto
814 4011 846 4065 et
856 4000 967 4088 prefati
977 4001 1067 4065 Prior
1077 4013 1109 4066 et
1119 4013 1290 4066 conventus
1304 4015 1336 4067 et
1346 4023 1532 4067 successores
1547 4001 1595 4066 sui
1606 4025 1699 4089 super
1712 3999 1841 4066 eandem

462 4106 599 4193 placeam
615 4105 840 4170 districtionem
859 4106 1064 4172 sufficientem
1080 4129 1135 4194 pro
1156 4106 1296 4194 predicto
1318 4107 1443 4172 redditu
1457 4107 1600 4172 invenire
1621 4130 1685 4171 non
1707 4118 1842 4195 possunt.

461 4211 531 4298 Ego
546 4212 681 4298 prefatus
695 4210 875 4277 Willelmus
889 4237 945 4301 pro
960 4237 1010 4279 me
1026 4231 1059 4280 et
1071 4214 1239 4280 heredibus
1258 4227 1290 4281 et
1304 4215 1464 4303 assignatis
1479 4215 1556 4280 meis
1569 4215 1642 4279 volo
1657 4227 1689 4280 ct
1707 4214 1843 4281 concedo

460 4317 545 4402 qnod
559 4316 635 4381 dicti
651 4315 741 4380 Prior
762 4328 795 4382 et
815 4329 986 4383 conventus
1008 4329 1040 4382 et
1058 4341 1244 4385 successores
1265 4319 1430 4386 aniculam
1449 4341 1550 4386 meam
1573 4321 1781 4387 collateralem
1801 4345 1843 4386 ex

459 4437 546 4512 parte
568 4423 752 4491 occidentali
768 4448 824 4513 pro
838 4425 978 4514 predicto
999 4425 1124 4495 redditu
1139 4426 1325 4516 distringant
1339 4441 1372 4495 et
1386 4427 1591 4494 districtiones
1610 4428 1670 4494 sibi
1691 4427 1844 4493 retineant

1681 4557 1841 4620 quousque
