4284 5412
1138 639 1181 686 22

463 799 561 865 eciam
576 801 665 885 cujus
680 811 726 864 est
740 823 758 864 a
772 799 824 864 via
838 799 924 887 regia
939 823 999 884 que
1015 809 1061 864 est
1080 821 1122 862 ex
1137 797 1279 884 opposito
1297 795 1403 860 Sancti
1419 794 1549 882 Georgii
1567 794 1694 860 ecclesie
1710 818 1752 859 ex
1767 806 1853 881 parte

465 903 649 970 occidentali
663 927 762 990 usque
773 902 813 968 ad
824 903 917 968 aliam
931 904 1016 968 viam
1027 903 1145 991 regiam
1161 919 1301 991 exparte
1317 902 1469 968 orientali.
1500 902 1683 968 Tenendum
1694 917 1727 967 et
1737 902 1854 968 haben-

465 1010 537 1074 dam
552 1010 668 1074 dictam
679 1022 791 1074 terram
803 1031 875 1073 cum
890 1007 1034 1073 domibus
1045 1023 1077 1073 et
1092 1006 1223 1072 edificiis
1239 1021 1270 1072 et
1285 1007 1429 1072 omnibus
1444 1007 1512 1072 aliis
1528 1007 1590 1072 suis
1604 1007 1804 1096 pertinenciis
1816 1007 1854 1071 de

465 1139 515 1181 me
537 1129 570 1181 et
583 1115 749 1180 heredibus
771 1113 849 1179 meis
870 1114 922 1178 vel
943 1113 1105 1201 assignatis
1119 1113 1236 1179 eisdem
1251 1113 1354 1179 Priori
1374 1127 1406 1178 et
1421 1114 1591 1178 conventui
1606 1127 1638 1180 et
1652 1115 1714 1179 suis
1736 1137 1854 1179 succes-

465 1221 584 1285 soribus
605 1220 702 1285 libere
722 1232 754 1284 ct
768 1219 872 1305 quiete
891 1219 1012 1308 integre
1033 1234 1065 1285 et
1079 1219 1216 1308 plenarie
1235 1219 1269 1283 iu
1288 1234 1475 1307 perpetuum
1492 1258 1498 1269 ·
1515 1233 1609 1306 prout
1630 1219 1807 1285 continetur
1821 1219 1854 1282 in

466 1343 549 1394 carta
572 1351 627 1415 per
651 1351 744 1413 quam
767 1351 826 1415 ego
849 1327 974 1393 feoffata
992 1327 1047 1392 fui.
1092 1327 1267 1393 Reddendo
1282 1327 1355 1393 inde
1379 1327 1540 1393 annuatim
1562 1325 1694 1415 predicti
1709 1325 1799 1390 Prior
1824 1338 1855 1390 et

466 1448 638 1500 conventus
659 1435 826 1500 heredibus
847 1435 970 1502 Mathia
984 1436 1042 1500 filii
1065 1436 1179 1501 Daniel
1194 1450 1226 1501 et
1242 1436 1359 1502 Oeeilie
1373 1435 1483 1501 uxoris
1508 1436 1576 1521 ejus
1596 1434 1778 1522 Randulphi
1798 1431 1854 1497 filii

467 1539 620 1604 Johannis
635 1554 667 1604 et
681 1540 751 1604 Eva
770 1541 877 1604 uxoris
892 1540 960 1627 ejus
980 1542 1088 1608 decem
1108 1556 1140 1608 et
1154 1558 1224 1608 octo
1240 1544 1381 1610 denarios
1400 1544 1521 1632 argenti
1537 1583 1544 1595 ·
1560 1543 1759 1608 medietatem
1774 1543 1854 1608 scili·

467 1661 517 1710 cet
531 1645 571 1711 ad
585 1646 698 1710 festum
709 1646 815 1712 Sancti
827 1647 992 1715 Michaelis
1003 1663 1035 1714 et
1049 1650 1249 1716 medietatem
1264 1651 1303 1716 ad
1315 1653 1428 1740 pascha
1443 1676 1499 1738 pro
1514 1651 1599 1715 omni
1617 1650 1748 1716 servicio
1762 1674 1854 1714 exac-

466 1752 552 1817 tione
575 1766 607 1816 et
622 1752 775 1818 demanda
797 1767 829 1818 ct
847 1756 939 1819 rebus
962 1757 1091 1822 cunctis.
1136 1757 1182 1823 Ut
1203 1757 1301 1846 igitur
1315 1759 1373 1824 hec
1398 1783 1467 1824 mea
1491 1758 1621 1823 donacio
1647 1756 1802 1822 concessio
1825 1770 1858 1820 et

466 1859 663 1924 confirmacio
675 1876 824 1947 perpetue
834 1861 988 1927 firmitatis
1002 1865 1098 1930 robur
1109 1865 1270 1951 optineant
1285 1866 1479 1953 presentibus
1489 1865 1587 1930 literis
1602 1864 1739 1952 sigillum
1751 1886 1855 1927 meum

467 1964 605 2053 apposui.
650 1965 723 2030 Hiis
737 1969 867 2032 testibus
880 2007 887 2019 ·
901 1969 1007 2035 David
1021 1971 1060 2035 de
1074 1971 1187 2036 Kallan
1202 1985 1277 2037 tunc
1293 1973 1408 2058 majore
1420 1973 1543 2038 Dublin
1560 2011 1567 2023 ·
1584 1971 1721 2036 Roberto
1734 1971 1856 2034 Turbot

468 2085 500 2133 ct
514 2070 652 2158 Hugone
667 2070 696 2134 le
711 2070 834 2156 Serjant
848 2086 922 2138 tunc
937 2074 1101 2162 propositis
1118 2075 1278 2140 ·Waltero
1298 2076 1452 2141 aurifabro
1469 2114 1475 2126 ·
1494 2075 1631 2163 Symone
1646 2074 1759 2140 clerico
1777 2113 1782 2125 ·
1798 2073 1853 2137 Ni·

468 2174 577 2240 cholao
592 2175 728 2243 elerico·
746 2176 883 2243 Roberto
899 2177 1013 2266 pistore
1028 2195 1060 2245 ct
1075 2179 1151 2245 aliis.

1103 2499 1212 2572 XIV.

713 2681 771 2756 Ra
786 2686 943 2755 tutante
958 2685 1097 2759 rastra
1115 2684 1148 2758 tn
1167 2687 1310 2776 peremta
1328 2684 1452 2769 §antri
1470 2685 1611 2777 &attuit

565 2868 704 2935 Niversis
720 2871 837 2937 Christi
856 2873 1001 2939 fidelibus
1025 2874 1065 2939 ad
1088 2899 1165 2960 quos
1187 2899 1311 2964 presens
1337 2875 1486 2963 scriptum
1509 2875 1687 2962 pervenerit
1702 2875 1857 2942 Hem-icus

580 2975 667 3042 Tirel
678 2977 818 3043 salutem.
862 2977 996 3044 Noverit
1009 2980 1193 3047 universitas
1208 2997 1310 3048 vestra
1324 3006 1375 3047 me
1389 3006 1446 3070 pro
1459 2982 1557 3048 salute
1572 2981 1674 3047 anime
1689 3007 1757 3048 mec
1773 2999 1857 3051 ante-

469 3101 623 3144 cessorum
647 3093 679 3144 et
703 3103 914 3144 successorum
933 3105 1074 3146 meorum
1090 3083 1210 3150 dedisse
1225 3085 1408 3152 concessisse
1423 3099 1456 3151 et
1469 3087 1527 3152 hac
1542 3087 1678 3174 presenti
1692 3103 1776 3154 carta
1789 3114 1859 3156 mea

468 3185 665 3252 confirmasse
677 3186 747 3251 Deo
758 3188 848 3253 beate
860 3189 961 3254 Marie
972 3204 1004 3254 et
1018 3192 1146 3258 ecclesie
1159 3193 1311 3258 Omnium
1325 3194 1510 3261 Sanctorum
1517 3195 1613 3280 juxta
1624 3195 1746 3260 Dublin
1757 3197 1858 3262 Priori

468 3305 500 3356 et
523 3292 692 3357 conventui
715 3292 835 3356 ibidem
851 3292 922 3358 Deo
944 3294 1149 3362 servientibus
1171 3298 1311 3363 redditus
1327 3299 1499 3365 duodecem
1514 3298 1710 3364 denariorum
1726 3300 1764 3366 de
1779 3313 1860 3365 terra

470 3428 564 3491 quam
583 3404 706 3470 Alanus
721 3405 803 3470 filius
819 3405 973 3471 Willelmi
997 3419 1029 3472 et
1050 3407 1179 3474 heredes
1201 3409 1249 3472 sui
1269 3422 1378 3473 tenent
1400 3410 1439 3474 de
1464 3433 1514 3473 me
1538 3421 1570 3473 et
1592 3407 1759 3474 heredibus
1782 3409 1859 3474 meis

470 3511 553 3576 inter
567 3511 729 3576 eeclesiam
743 3512 827 3578 beati
842 3511 933 3577 Pauli
947 3537 989 3578 ex
1003 3537 1067 3580 una
1081 3527 1168 3601 parte
1188 3528 1220 3579 et
1238 3514 1399 3580 ecclesiam
1416 3514 1523 3580 Sancti
1538 3513 1668 3602 Georgii
1683 3538 1725 3579 ex
1740 3514 1835 3580 altera
1851 3554 1857 3566 ·

471 3617 504 3680 in
525 3640 636 3704 puram
659 3631 691 3683 et
706 3634 890 3706 perpetuam
911 3620 1111 3688 elemosinam
1135 3623 1215 3689 sieut
1237 3623 1341 3708 aliqua
1358 3623 1525 3688 elemosina
1545 3621 1657 3687 melius
1672 3621 1794 3709 plenius
1808 3623 1859 3688 vel

471 3721 599 3787 liberius
624 3723 740 3809 poterit
759 3725 899 3790 conferri.
944 3727 989 3792 Et
1002 3739 1039 3792 ut
1053 3726 1111 3793 hec
1134 3751 1205 3792 mea
1219 3727 1349 3793 donacio
1374 3727 1531 3793 concessio
1552 3740 1584 3792 et
1598 3727 1795 3792 confirmacio
1821 3728 1860 3793 sit

471 3825 589 3891 stabilis
603 3841 635 3891 et
645 3827 736 3892 firma
750 3844 929 3914 permaneat
939 3829 973 3894 in
984 3846 1169 3918 perpetuum
1180 3855 1305 3918 presens
1316 3831 1465 3919 scriptum
1476 3832 1572 3921 sigilli
1586 3831 1648 3898 mei
1659 3831 1859 3921 impressione

472 3932 624 3998 roboravi.
649 3932 721 3997 Hiis
738 3935 867 4000 testibus
882 3973 888 3986 ·
902 3935 1176 4003 dominoRoberto
1192 3938 1231 4003 de
1241 3937 1347 4024 Lynet
1357 3950 1432 4003 tunc
1446 3939 1562 4024 majore
1573 3935 1694 4002 Dublin
1705 3974 1712 3986 ·
1723 3937 1859 4004 Roberto

475 4039 603 4104 Pollard
618 4041 682 4125 [et]
701 4040 868 4128 Radulpho
882 4041 912 4107 le
927 4043 1038 4108 Porter
1052 4058 1127 4109 tunc
1142 4035 1305 4130 prepositis
1320 4041 1441 4109 Dublin
1458 4081 1465 4094 ·
1480 4041 1586 4108 Alano
1600 4039 1666 4106 filio
1681 4039 1833 4108 Willelmi
1851 4083 1857 4095 ·

477 4143 601 4210 Thema
616 4144 655 4210 de
671 4143 825 4210 Coventr:
841 4159 872 4210 et
886 4146 963 4211 aliis.
