4284 5412
956 625 1001 703 37

284 811 444 875 quousque
453 788 492 855 de
507 787 651 854 omnibus
665 785 824 874 arreragiis
833 784 909 852 dieti
924 784 1064 851 redditus
1077 785 1215 874 plenarie
1229 784 1274 851 eis
1287 785 1382 852 fuerit
1395 784 1593 852 satisfactum.
1624 787 1668 852 Et

284 894 379 960 finitis
399 894 604 982 quadraginta
622 892 711 960 annis
729 891 913 980 supradictis
926 891 1020 958 liceat
1038 915 1080 958 ex
1099 905 1175 958 tunc
1189 891 1315 980 prefatis
1330 891 1431 958 Priori
1448 904 1480 958 et
1499 894 1669 958 conventui

285 1013 315 1065 et
324 999 548 1066 successoribus
562 997 625 1063 suis
639 996 743 1062 omnia
757 995 880 1062 edificia
894 1020 986 1083 super
1000 997 1132 1064 eandem
1142 997 1282 1085 placeam
1296 1011 1471 1066 constructa
1484 999 1551 1065 sine
1566 999 1669 1086 aliqua

286 1107 526 1174 contradictione
537 1107 589 1171 vel
599 1105 731 1194 strepitu
740 1103 884 1191 judiciali
898 1105 1013 1171 intrare
1028 1119 1060 1172 et
1074 1105 1257 1194 inproprios
1271 1131 1344 1172 ersus
1355 1106 1502 1173 rehabere
1514 1121 1546 1173 et
1556 1107 1667 1172 volun-

286 1227 378 1280 tatem
393 1237 481 1280 suam
494 1212 568 1280 inde
577 1213 686 1280 faeere.
730 1212 796 1278 Nos
810 1236 884 1278 vero
899 1212 975 1278 dicti
991 1213 1082 1280 Prior
1096 1229 1128 1281 et
1141 1227 1313 1282 conventus
1327 1227 1359 1281 et
1373 1238 1558 1281 successores
1572 1213 1669 1279 nostri

287 1320 399 1386 dictam
413 1320 552 1408 placeam
567 1343 638 1386 cum
658 1318 801 1385 omnibus
816 1319 878 1384 suis
893 1317 1023 1385 edificiis
1038 1319 1156 1408 prefato
1170 1319 1333 1387 Willelmo
1348 1320 1513 1386 heredibus
1528 1333 1560 1386 et
1573 1320 1667 1408 assig-

286 1427 363 1492 natis
377 1428 441 1492 suis
455 1439 562 1492 contra
575 1447 787 1511 quoscumque
801 1421 1070 1489 warantizabimus
1080 1447 1179 1512 usque
1193 1423 1233 1490 ad
1247 1424 1342 1490 finem
1353 1423 1479 1491 termini
1490 1425 1623 1512 predicti
1637 1439 1669 1490 et

288 1531 493 1598 defendemus.
537 1530 576 1594 In
598 1529 688 1615 cujus
702 1528 747 1593 rei
762 1525 974 1593 testimonimn
992 1527 1130 1615 sigillum
1150 1552 1314 1596 commune
1328 1530 1539 1618 predictorum
1554 1529 1670 1596 Prioris

288 1653 317 1702 et
330 1649 501 1703 conventus
515 1635 680 1701 indenture
700 1635 802 1700 eidem
816 1632 979 1698 Willelmo
998 1635 1111 1700 tradite
1130 1649 1177 1702 est
1195 1660 1366 1724 appensum
1389 1650 1421 1702 et
1440 1636 1578 1725 sigillum
1593 1637 1670 1703 dicti

288 1743 439 1808 Willelmi
460 1742 534 1808 huic
555 1741 720 1806 indenture
739 1739 829 1806 nobis
844 1739 946 1805 Priori
965 1753 997 1806 et
1019 1741 1187 1806 conventui
1202 1741 1281 1807 facte
1304 1756 1351 1808 est
1373 1767 1553 1831 appensum.
1597 1742 1670 1808 Hiis

288 1849 414 1914 testibus
431 1887 437 1900 ·
454 1847 595 1914 Galfrido
611 1847 746 1933 Crompe
761 1858 836 1911 tune
850 1845 966 1931 majore
981 1845 1116 1911 civitatis
1131 1846 1253 1912 Dublin
1270 1886 1276 1899 ·
1291 1848 1416 1936 Rogero
1432 1849 1624 1914 Graunoeter
1638 1865 1670 1914 et

289 1953 426 2020 Waltero
441 1953 529 2019 Lusk
544 1967 619 2019 tunc
632 1953 757 2018 ballivis
773 1992 780 2004 ·
795 1953 816 2017 J
818 1953 939 2018 ohanne
955 1951 1097 2018 Taillour
1113 1991 1120 2004 ·
1137 1951 1261 2019 Thema
1271 1953 1392 2043 Dyllon
1408 1993 1415 2006 ·
1430 1953 1505 2020 Ada
1514 1955 1645 2044 Alesley
1662 1995 1668 2005 ·

288 2061 428 2128 Johanne
443 2062 521 2128 Lam
539 2101 545 2112 ·
562 2061 716 2128 Mauricio
731 2061 838 2127 Broun
853 2073 885 2127 et
899 2060 1005 2126 multis
1021 2061 1097 2128 aliis.
1132 2061 1251 2128 Datum
1265 2061 1388 2128 Dublin
1401 2061 1436 2127 in
1449 2061 1526 2128 festo
1541 2075 1574 2128 et
1588 2085 1668 2128 anno

290 2169 477 2256 supradictis.

878 2427 1070 2501 XXXIV.

581 2616 638 2691 mr
655 2612 738 2689 tetta
755 2616 789 2689 tr
807 2626 891 2707 paru
908 2614 1052 2689 artaret
1068 2614 1167 2706 plata
1183 2614 1365 2706 cantatura

367 2804 476 2872 Lacita
499 2828 602 2872 eoram
619 2803 752 2870 Ricardo
767 2800 847 2869 Olof
860 2803 975 2889 majore
995 2802 1119 2868 Thema
1137 2801 1176 2868 de
1191 2801 1413 2891 Wyneheetria
1435 2813 1468 2868 et
1486 2802 1610 2890 Rogero
1629 2803 1668 2868 de

380 2909 557 2974 Asseborne
568 2905 731 2995 prepositis
743 2905 864 2972 Dublin
873 2905 924 2972 die
935 2906 1047 2972 Martia
1057 2905 1202 2994 proximo
1214 2921 1284 2996 post
1294 2907 1407 2973 festum
1420 2907 1526 2975 Sancti
1539 2909 1669 2975 Martini

285 3042 364 3084 anuo
379 3016 468 3104 regni
482 3015 564 3104 regia
579 3013 729 3079 Edwardi
744 3013 801 3078 filii
816 3013 898 3102 regis
913 3013 1062 3079 Edwardi
1077 3013 1207 3078 decimo.
1251 3014 1358 3080 Assisa
1371 3015 1461 3080 venit
1478 3015 1668 3104 recognicio-

284 3122 370 3187 nissi
386 3120 538 3186 Ricardus
553 3120 691 3206 Ponteys
704 3116 820 3204 injuste
839 3130 871 3183 et
893 3115 959 3183 sine
970 3117 1092 3203 judicio
1106 3141 1162 3206 per
1180 3141 1267 3184 suam
1282 3119 1406 3186 friscam
1420 3119 1547 3188 forciam
1562 3123 1668 3189 dissei-

281 3229 403 3294 sivisset
417 3225 542 3292 fratrem
556 3224 717 3313 Nigellum
729 3224 869 3290 Priorem
883 3223 1011 3290 ecclesie
1023 3223 1174 3290 Omnium
1188 3224 1372 3291 Sanctorum
1383 3225 1478 3312 juxta
1492 3228 1613 3293 Dublin
1629 3229 1668 3295 de

281 3333 381 3398 libero
397 3345 573 3397 tenemento
584 3354 640 3394 suo
651 3329 685 3394 in
696 3329 818 3395 Dublin
832 3327 913 3395 infra
927 3353 1043 3395 annmn
1058 3333 1114 3397 &e
1130 3331 1277 3400 videlicet
1288 3334 1327 3400 de
1342 3335 1396 3401 illa
1409 3336 1498 3402 celda
1511 3361 1583 3402 cum
1598 3363 1667 3427 per-

280 3436 427 3503 tinenciis
438 3460 498 3522 que
509 3435 599 3501 estin
610 3435 681 3501 vieo
696 3435 786 3501 castri
798 3435 831 3500 in
842 3437 988 3523 parochia
1001 3437 1113 3504 Sancte
1124 3437 1300 3528 Werburge
1312 3453 1344 3506 et
1350 3441 1434 3527 jacet
1444 3441 1525 3508 inter
1536 3468 1668 3511 vacuam

279 3545 421 3632 placeam
445 3542 577 3632 predicti
591 3543 707 3610 Prioris
730 3564 771 3609 ex
796 3557 883 3631 parte
909 3544 1094 3610 occidentali
1117 3559 1149 3611 et
1170 3546 1291 3613 celdam
1315 3549 1523 3636 prenominati
1539 3548 1667 3616 Ricardi

279 3649 421 3736 Ponteys
436 3671 478 3713 ex
492 3663 579 3735 parte
591 3649 733 3714 orientali
750 3688 756 3701 ·
773 3651 817 3715 Et
830 3650 914 3717 unde
929 3651 1085 3739 predictus
1096 3652 1187 3718 Prior
1202 3655 1341 3740 queritur
1355 3656 1440 3742 quod
1454 3681 1526 3722 eum
1542 3657 1668 3723 distrin-

277 3766 369 3842 geret
388 3751 422 3817 in
441 3766 618 3819 tenemento
638 3754 779 3842 predicto
803 3778 859 3842 pro
882 3755 1007 3822 redditu
1030 3781 1086 3822 suo
1101 3767 1154 3824 tro.
1200 3759 1288 3825 Idem
1303 3759 1456 3826 Ricardus
1471 3763 1608 3850 Ponteys
1628 3765 1667 3829 de

278 3859 422 3948 predicta
432 3858 623 3925 districtione
634 3860 737 3948 ipsum
746 3861 886 3926 Priorem
900 3862 1003 3927 minus
1014 3863 1098 3949 juste
1109 3864 1338 3931 deforciavisset
1349 3875 1402 3932 tre.
1446 3867 1489 3932 Et
1503 3869 1583 3955 petit
1593 3869 1667 3935 inde

278 3965 406 4030 assisam
420 3972 473 4030 lte.
518 3963 562 4029 Et
576 3965 734 4053 predictus
748 3965 901 4032 Ricardus
922 3967 1010 4032 venit
1028 3981 1061 4033 et
1074 3969 1153 4034 bene
1176 3969 1324 4058 cognovit
1339 3972 1424 4057 quod
1438 3970 1666 4042 deforciavisset

280 4071 458 4158 predictum
480 4070 620 4136 Priorem
639 4072 678 4138 de
701 4071 893 4140 districtione
917 4097 972 4140 sua
996 4074 1137 4162 predicta
1158 4090 1251 4164 prout
1276 4077 1361 4142 idem
1376 4077 1467 4144 Prior
1492 4081 1598 4146 asserit
1611 4091 1664 4148 &a

280 4177 357 4244 Ideo
372 4177 599 4244 consideratum
611 4191 657 4244 est
672 4179 756 4265 quod
770 4179 927 4268 predictus
942 4181 1032 4247 Prior
1045 4195 1207 4271 recuperet
1221 4184 1363 4250 saisinam
1378 4209 1464 4252 suarn
1476 4187 1515 4252 de
1527 4188 1666 4275 predicta

282 4284 369 4350 celda
383 4307 456 4349 cum
470 4283 669 4372 pertinenciis
684 4309 789 4352 versus
799 4287 975 4375 predictum
984 4287 1154 4355 Ricardum
1166 4313 1222 4377 per
1235 4292 1483 4380 recognitionem
1498 4317 1584 4358 suam
1596 4319 1664 4381 pre-

283 4389 396 4454 dictam
411 4397 464 4455 tac.
509 4389 553 4455 Et
566 4390 724 4480 predictus
739 4391 891 4460 Ricardus
906 4394 1112 4462 committitur
1125 4395 1248 4485 prisone
1266 4397 1340 4484 quia
1362 4400 1544 4488 recognovit
1558 4400 1665 4466 dissei-

1565 4529 1662 4571 amam
