<?xml version="1.0" encoding="UTF-8"?>
<!DOCTYPE html PUBLIC "-//W3C//DTD XHTML 1.0 Transitional//EN"
    "http://www.w3.org/TR/xhtml1/DTD/xhtml1-transitional.dtd">
<html xmlns="http://www.w3.org/1999/xhtml" xml:lang="en" lang="en">
 <head>
  <title>
</title>
<meta http-equiv="Content-Type" content="text/html;charset=utf-8" />
  <meta name='ocr-system' content='tesseract 3.04.00' />
  <meta name='ocr-capabilities' content='ocr_page ocr_carea ocr_par ocr_line ocrx_word'/>
</head>
<body>
  <div class='ocr_page' id='page_1' title='image "./registrumpriora00librgoog_0054.png"; bbox 0 0 4368 5408; ppageno 0'>
   <div class='ocr_carea' id='block_1_1' title="bbox 988 611 1068 684">
    <p class='ocr_par' dir='ltr' id='par_1_1' title="bbox 988 611 1068 684">
     <span class='ocr_line' id='line_1_1' title="bbox 988 611 1068 684; baseline 0 0"><span class='ocrx_word' id='word_1_1' title='bbox 988 611 1068 684; x_wconf 87' lang='lat' dir='ltr'><strong>xliii</strong></span> 
     </span>
    </p>
   </div>
   <div class='ocr_carea' id='block_1_2' title="bbox 328 791 1733 2908">
    <p class='ocr_par' dir='ltr' id='par_1_2' title="bbox 328 791 1733 2908">
     <span class='ocr_line' id='line_1_2' title="bbox 332 791 1721 884; baseline 0.001 -25"><span class='ocrx_word' id='word_1_2' title='bbox 332 794 406 860; x_wconf 88' lang='lat' dir='ltr'><strong>ville</strong></span> <span class='ocrx_word' id='word_1_3' title='bbox 421 794 461 860; x_wconf 89' lang='lat' dir='ltr'><strong>de</strong></span> <span class='ocrx_word' id='word_1_4' title='bbox 479 792 637 881; x_wconf 80' lang='lat' dir='ltr'><strong>Belldoyll</strong></span> <span class='ocrx_word' id='word_1_5' title='bbox 653 817 711 858; x_wconf 91' lang='lat' dir='ltr'><strong>ove</strong></span> <span class='ocrx_word' id='word_1_6' title='bbox 726 791 773 859; x_wconf 85' lang='lat' dir='ltr'><strong>lez</strong></span> <span class='ocrx_word' id='word_1_7' title='bbox 793 807 1060 882; x_wconf 84' lang='lat' dir='ltr'><strong>appurteneunces</strong></span> <span class='ocrx_word' id='word_1_8' title='bbox 1075 819 1115 860; x_wconf 89' lang='lat' dir='ltr'><strong>en</strong></span> <span class='ocrx_word' id='word_1_9' title='bbox 1133 794 1163 861; x_wconf 91' lang='lat' dir='ltr'><strong>le</strong></span> <span class='ocrx_word' id='word_1_10' title='bbox 1183 807 1297 862; x_wconf 86' lang='lat' dir='ltr'><strong>eounte</strong></span> <span class='ocrx_word' id='word_1_11' title='bbox 1312 795 1352 865; x_wconf 92' lang='lat' dir='ltr'><strong>de</strong></span> <span class='ocrx_word' id='word_1_12' title='bbox 1374 795 1515 884; x_wconf 88' lang='lat' dir='ltr'><strong>Dyvelin</strong></span> <span class='ocrx_word' id='word_1_13' title='bbox 1529 821 1590 883; x_wconf 89' lang='lat' dir='ltr'><strong>que</strong></span> <span class='ocrx_word' id='word_1_14' title='bbox 1606 796 1659 862; x_wconf 92' lang='lat' dir='ltr'><strong>lou</strong></span> <span class='ocrx_word' id='word_1_15' title='bbox 1674 795 1721 862; x_wconf 83' lang='lat' dir='ltr'><strong>lez</strong></span> 
     </span>
     <span class='ocr_line' id='line_1_3' title="bbox 330 897 1720 987; baseline 0.001 -21"><span class='ocrx_word' id='word_1_16' title='bbox 330 912 476 966; x_wconf 86' lang='lat' dir='ltr'><strong>tenaunts</strong></span> <span class='ocrx_word' id='word_1_17' title='bbox 491 913 523 964; x_wconf 95' lang='lat' dir='ltr'><strong>et</strong></span> <span class='ocrx_word' id='word_1_18' title='bbox 537 897 750 964; x_wconf 78' lang='lat' dir='ltr'><strong>inhabiteunts</strong></span> <span class='ocrx_word' id='word_1_19' title='bbox 765 899 809 964; x_wconf 93' lang='lat' dir='ltr'><strong>du</strong></span> <span class='ocrx_word' id='word_1_20' title='bbox 824 899 872 964; x_wconf 91' lang='lat' dir='ltr'><strong>dit</strong></span> <span class='ocrx_word' id='word_1_21' title='bbox 886 901 948 966; x_wconf 88' lang='lat' dir='ltr'><strong>vile</strong></span> <span class='ocrx_word' id='word_1_22' title='bbox 971 915 1064 966; x_wconf 90' lang='lat' dir='ltr'><strong>sount</strong></span> <span class='ocrx_word' id='word_1_23' title='bbox 1087 901 1126 966; x_wconf 91' lang='lat' dir='ltr'><strong>de</strong></span> <span class='ocrx_word' id='word_1_24' title='bbox 1145 901 1221 987; x_wconf 89' lang='lat' dir='ltr'><strong>jour</strong></span> <span class='ocrx_word' id='word_1_25' title='bbox 1234 925 1275 968; x_wconf 90' lang='lat' dir='ltr'><strong>en</strong></span> <span class='ocrx_word' id='word_1_26' title='bbox 1290 902 1388 967; x_wconf 86' lang='lat' dir='ltr'><strong>eultre</strong></span> <span class='ocrx_word' id='word_1_27' title='bbox 1404 925 1504 968; x_wconf 83' lang='lat' dir='ltr'><strong>vexez</strong></span> <span class='ocrx_word' id='word_1_28' title='bbox 1526 919 1558 968; x_wconf 94' lang='lat' dir='ltr'><strong>et</strong></span> <span class='ocrx_word' id='word_1_29' title='bbox 1580 900 1720 969; x_wconf 86' lang='lat' dir='ltr'><strong>troublez</strong></span> 
     </span>
     <span class='ocr_line' id='line_1_4' title="bbox 330 1004 1720 1095; baseline -0.001 -23"><span class='ocrx_word' id='word_1_30' title='bbox 330 1022 363 1072; x_wconf 90' lang='lat' dir='ltr'><strong>et</strong></span> <span class='ocrx_word' id='word_1_31' title='bbox 376 1019 597 1095; x_wconf 85' lang='lat' dir='ltr'><strong>grevousment</strong></span> <span class='ocrx_word' id='word_1_32' title='bbox 611 1005 691 1072; x_wconf 86' lang='lat' dir='ltr'><strong>lesez</strong></span> <span class='ocrx_word' id='word_1_33' title='bbox 706 1029 746 1072; x_wconf 90' lang='lat' dir='ltr'><strong>en</strong></span> <span class='ocrx_word' id='word_1_34' title='bbox 760 1004 805 1071; x_wconf 93' lang='lat' dir='ltr'><strong>les</strong></span> <span class='ocrx_word' id='word_1_35' title='bbox 818 1005 908 1072; x_wconf 92' lang='lat' dir='ltr'><strong>biens</strong></span> <span class='ocrx_word' id='word_1_36' title='bbox 922 1029 978 1093; x_wconf 89' lang='lat' dir='ltr'><strong>per</strong></span> <span class='ocrx_word' id='word_1_37' title='bbox 992 1005 1039 1071; x_wconf 86' lang='lat' dir='ltr'><strong>lez</strong></span> <span class='ocrx_word' id='word_1_38' title='bbox 1054 1004 1232 1070; x_wconf 81' lang='lat' dir='ltr'><strong>admirellez</strong></span> <span class='ocrx_word' id='word_1_39' title='bbox 1247 1004 1292 1070; x_wconf 92' lang='lat' dir='ltr'><strong>du</strong></span> <span class='ocrx_word' id='word_1_40' title='bbox 1305 1029 1362 1093; x_wconf 88' lang='lat' dir='ltr'><strong>roy</strong></span> <span class='ocrx_word' id='word_1_41' title='bbox 1378 1006 1417 1070; x_wconf 91' lang='lat' dir='ltr'><strong>de</strong></span> <span class='ocrx_word' id='word_1_42' title='bbox 1437 1021 1516 1072; x_wconf 87' lang='lat' dir='ltr'><strong>terre</strong></span> <span class='ocrx_word' id='word_1_43' title='bbox 1533 1006 1667 1072; x_wconf 87' lang='lat' dir='ltr'><strong>Dirland</strong></span> <span class='ocrx_word' id='word_1_44' title='bbox 1688 1019 1720 1074; x_wconf 89' lang='lat' dir='ltr'><strong>et</strong></span> 
     </span>
     <span class='ocr_line' id='line_1_5' title="bbox 330 1109 1719 1199; baseline -0.001 -21"><span class='ocrx_word' id='word_1_45' title='bbox 330 1113 412 1179; x_wconf 87' lang='lat' dir='ltr'><strong>leurs</strong></span> <span class='ocrx_word' id='word_1_46' title='bbox 437 1111 618 1199; x_wconf 87' lang='lat' dir='ltr'><strong>deputatees</strong></span> <span class='ocrx_word' id='word_1_47' title='bbox 641 1134 698 1198; x_wconf 89' lang='lat' dir='ltr'><strong>per</strong></span> <span class='ocrx_word' id='word_1_48' title='bbox 717 1111 824 1176; x_wconf 89' lang='lat' dir='ltr'><strong>colour</strong></span> <span class='ocrx_word' id='word_1_49' title='bbox 843 1109 888 1176; x_wconf 91' lang='lat' dir='ltr'><strong>du</strong></span> <span class='ocrx_word' id='word_1_50' title='bbox 914 1111 966 1198; x_wconf 85' lang='lat' dir='ltr'><strong>ley</strong></span> <span class='ocrx_word' id='word_1_51' title='bbox 986 1111 1026 1178; x_wconf 89' lang='lat' dir='ltr'><strong>de</strong></span> <span class='ocrx_word' id='word_1_52' title='bbox 1053 1111 1153 1176; x_wconf 89' lang='lat' dir='ltr'><strong>Ulron</strong></span> <span class='ocrx_word' id='word_1_53' title='bbox 1177 1110 1376 1198; x_wconf 76' lang='lat' dir='ltr'><strong>appellauntz</strong></span> <span class='ocrx_word' id='word_1_54' title='bbox 1399 1135 1464 1176; x_wconf 86' lang='lat' dir='ltr'><strong>eux</strong></span> <span class='ocrx_word' id='word_1_55' title='bbox 1487 1135 1519 1176; x_wconf 86' lang='lat' dir='ltr'><strong>ss</strong></span> <span class='ocrx_word' id='word_1_56' title='bbox 1544 1111 1719 1178; x_wconf 84' lang='lat' dir='ltr'><strong>inordinate</strong></span> 
     </span>
     <span class='ocr_line' id='line_1_6' title="bbox 330 1218 1719 1307; baseline -0.002 -21"><span class='ocrx_word' id='word_1_57' title='bbox 330 1220 565 1286; x_wconf 83' lang='lat' dir='ltr'><strong>emerciements</strong></span> <span class='ocrx_word' id='word_1_58' title='bbox 579 1231 611 1284; x_wconf 91' lang='lat' dir='ltr'><strong>et</strong></span> <span class='ocrx_word' id='word_1_59' title='bbox 624 1218 763 1284; x_wconf 82' lang='lat' dir='ltr'><strong>feseuntz</strong></span> <span class='ocrx_word' id='word_1_60' title='bbox 777 1219 847 1284; x_wconf 89' lang='lat' dir='ltr'><strong>leve</strong></span> <span class='ocrx_word' id='word_1_61' title='bbox 866 1219 910 1284; x_wconf 89' lang='lat' dir='ltr'><strong>du</strong></span> <span class='ocrx_word' id='word_1_62' title='bbox 930 1243 1045 1284; x_wconf 77' lang='lat' dir='ltr'><strong>mesine</strong></span> <span class='ocrx_word' id='word_1_63' title='bbox 1068 1218 1221 1284; x_wconf 86' lang='lat' dir='ltr'><strong>contrarie</strong></span> <span class='ocrx_word' id='word_1_64' title='bbox 1236 1242 1255 1283; x_wconf 83' lang='lat' dir='ltr'><strong>e</strong></span> <span class='ocrx_word' id='word_1_65' title='bbox 1269 1233 1339 1284; x_wconf 90' lang='lat' dir='ltr'><strong>tout</strong></span> <span class='ocrx_word' id='word_1_66' title='bbox 1359 1219 1412 1307; x_wconf 89' lang='lat' dir='ltr'><strong>ley</strong></span> <span class='ocrx_word' id='word_1_67' title='bbox 1426 1234 1459 1284; x_wconf 91' lang='lat' dir='ltr'><strong>et</strong></span> <span class='ocrx_word' id='word_1_68' title='bbox 1477 1219 1657 1285; x_wconf 81' lang='lat' dir='ltr'><strong>conscience</strong></span> <span class='ocrx_word' id='word_1_69' title='bbox 1679 1242 1719 1284; x_wconf 86' lang='lat' dir='ltr'><strong>eu</strong></span> 
     </span>
     <span class='ocr_line' id='line_1_7' title="bbox 329 1323 1718 1415; baseline -0.002 -23"><span class='ocrx_word' id='word_1_70' title='bbox 329 1326 452 1415; x_wconf 86' lang='lat' dir='ltr'><strong>greund</strong></span> <span class='ocrx_word' id='word_1_71' title='bbox 479 1324 579 1392; x_wconf 88' lang='lat' dir='ltr'><strong>lesiorr</strong></span> <span class='ocrx_word' id='word_1_72' title='bbox 605 1323 663 1390; x_wconf 82' lang='lat' dir='ltr'><strong>dez</strong></span> <span class='ocrx_word' id='word_1_73' title='bbox 686 1324 751 1390; x_wconf 85' lang='lat' dir='ltr'><strong>ditz</strong></span> <span class='ocrx_word' id='word_1_74' title='bbox 785 1324 899 1390; x_wconf 88' lang='lat' dir='ltr'><strong>Priour</strong></span> <span class='ocrx_word' id='word_1_75' title='bbox 923 1341 955 1390; x_wconf 89' lang='lat' dir='ltr'><strong>et</strong></span> <span class='ocrx_word' id='word_1_76' title='bbox 982 1325 1129 1392; x_wconf 86' lang='lat' dir='ltr'><strong>Convent</strong></span> <span class='ocrx_word' id='word_1_77' title='bbox 1149 1340 1181 1391; x_wconf 86' lang='lat' dir='ltr'><strong>et</strong></span> <span class='ocrx_word' id='word_1_78' title='bbox 1203 1324 1308 1390; x_wconf 83' lang='lat' dir='ltr'><strong>finelle</strong></span> <span class='ocrx_word' id='word_1_79' title='bbox 1331 1339 1546 1392; x_wconf 87' lang='lat' dir='ltr'><strong>anentesment</strong></span> <span class='ocrx_word' id='word_1_80' title='bbox 1566 1324 1624 1390; x_wconf 84' lang='lat' dir='ltr'><strong>dez</strong></span> <span class='ocrx_word' id='word_1_81' title='bbox 1654 1323 1718 1390; x_wconf 85' lang='lat' dir='ltr'><strong>ditz</strong></span> 
     </span>
     <span class='ocr_line' id='line_1_8' title="bbox 329 1431 1720 1522; baseline -0.004 -22"><span class='ocrx_word' id='word_1_82' title='bbox 329 1446 475 1500; x_wconf 87' lang='lat' dir='ltr'><strong>tenaunts</strong></span> <span class='ocrx_word' id='word_1_83' title='bbox 489 1446 521 1500; x_wconf 91' lang='lat' dir='ltr'><strong>et</strong></span> <span class='ocrx_word' id='word_1_84' title='bbox 535 1432 727 1500; x_wconf 76' lang='lat' dir='ltr'><strong>inhabitants</strong></span> <span class='ocrx_word' id='word_1_85' title='bbox 741 1457 778 1522; x_wconf 85' lang='lat' dir='ltr'><strong>sy</strong></span> <span class='ocrx_word' id='word_1_86' title='bbox 791 1457 832 1500; x_wconf 91' lang='lat' dir='ltr'><strong>ne</strong></span> <span class='ocrx_word' id='word_1_87' title='bbox 847 1432 907 1498; x_wconf 92' lang='lat' dir='ltr'><strong>soit</strong></span> <span class='ocrx_word' id='word_1_88' title='bbox 928 1433 1065 1500; x_wconf 81' lang='lat' dir='ltr'>remedie</span> <span class='ocrx_word' id='word_1_89' title='bbox 1083 1433 1163 1499; x_wconf 91' lang='lat' dir='ltr'><strong>Sour</strong></span> <span class='ocrx_word' id='word_1_90' title='bbox 1182 1457 1243 1519; x_wconf 90' lang='lat' dir='ltr'><strong>que</strong></span> <span class='ocrx_word' id='word_1_91' title='bbox 1266 1432 1313 1498; x_wconf 82' lang='lat' dir='ltr'><strong>lez</strong></span> <span class='ocrx_word' id='word_1_92' title='bbox 1335 1433 1501 1521; x_wconf 85' lang='lat' dir='ltr'><strong>premissez</strong></span> <span class='ocrx_word' id='word_1_93' title='bbox 1523 1431 1720 1498; x_wconf 87' lang='lat' dir='ltr'><strong>tendrement</strong></span> 
     </span>
     <span class='ocr_line' id='line_1_9' title="bbox 328 1537 1719 1626; baseline -0.003 -20"><span class='ocrx_word' id='word_1_94' title='bbox 328 1538 506 1606; x_wconf 77' lang='lat' dir='ltr'><strong>consideres</strong></span> <span class='ocrx_word' id='word_1_95' title='bbox 521 1537 630 1604; x_wconf 83' lang='lat' dir='ltr'><strong>ordine</strong></span> <span class='ocrx_word' id='word_1_96' title='bbox 645 1553 692 1604; x_wconf 87' lang='lat' dir='ltr'><strong>est</strong></span> <span class='ocrx_word' id='word_1_97' title='bbox 706 1563 762 1626; x_wconf 91' lang='lat' dir='ltr'><strong>per</strong></span> <span class='ocrx_word' id='word_1_98' title='bbox 776 1537 939 1606; x_wconf 75' lang='lat' dir='ltr'><strong>auctoritie</strong></span> <span class='ocrx_word' id='word_1_99' title='bbox 954 1538 1053 1604; x_wconf 84' lang='lat' dir='ltr'><strong>diceet</strong></span> <span class='ocrx_word' id='word_1_100' title='bbox 1074 1555 1199 1626; x_wconf 81' lang='lat' dir='ltr'><strong>present</strong></span> <span class='ocrx_word' id='word_1_101' title='bbox 1218 1537 1405 1626; x_wconf 74' lang='lat' dir='ltr'><strong>parliament</strong></span> <span class='ocrx_word' id='word_1_102' title='bbox 1420 1562 1481 1624; x_wconf 90' lang='lat' dir='ltr'><strong>que</strong></span> <span class='ocrx_word' id='word_1_103' title='bbox 1495 1537 1525 1602; x_wconf 85' lang='lat' dir='ltr'><strong>le</strong></span> <span class='ocrx_word' id='word_1_104' title='bbox 1542 1537 1590 1603; x_wconf 93' lang='lat' dir='ltr'><strong>dit</strong></span> <span class='ocrx_word' id='word_1_105' title='bbox 1605 1538 1719 1603; x_wconf 91' lang='lat' dir='ltr'><strong>Priour</strong></span> 
     </span>
     <span class='ocr_line' id='line_1_10' title="bbox 329 1644 1719 1733; baseline -0.003 -19"><span class='ocrx_word' id='word_1_106' title='bbox 329 1661 362 1714; x_wconf 87' lang='lat' dir='ltr'><strong>ct</strong></span> <span class='ocrx_word' id='word_1_107' title='bbox 375 1671 425 1714; x_wconf 80' lang='lat' dir='ltr'><strong>see</strong></span> <span class='ocrx_word' id='word_1_108' title='bbox 440 1671 629 1714; x_wconf 89' lang='lat' dir='ltr'><strong>successores</strong></span> <span class='ocrx_word' id='word_1_109' title='bbox 644 1648 752 1714; x_wconf 83' lang='lat' dir='ltr'><strong>desere</strong></span> <span class='ocrx_word' id='word_1_110' title='bbox 767 1671 806 1713; x_wconf 93' lang='lat' dir='ltr'><strong>en</strong></span> <span class='ocrx_word' id='word_1_111' title='bbox 822 1663 939 1714; x_wconf 86' lang='lat' dir='ltr'><strong>avaunt</strong></span> <span class='ocrx_word' id='word_1_112' title='bbox 952 1647 1034 1714; x_wconf 89' lang='lat' dir='ltr'><strong>scint</strong></span> <span class='ocrx_word' id='word_1_113' title='bbox 1044 1645 1222 1712; x_wconf 86' lang='lat' dir='ltr'><strong>edmirallez</strong></span> <span class='ocrx_word' id='word_1_114' title='bbox 1238 1647 1281 1710; x_wconf 90' lang='lat' dir='ltr'><strong>du</strong></span> <span class='ocrx_word' id='word_1_115' title='bbox 1298 1645 1346 1710; x_wconf 91' lang='lat' dir='ltr'><strong>dit</strong></span> <span class='ocrx_word' id='word_1_116' title='bbox 1359 1644 1423 1710; x_wconf 88' lang='lat' dir='ltr'><strong>vile</strong></span> <span class='ocrx_word' id='word_1_117' title='bbox 1437 1669 1497 1711; x_wconf 90' lang='lat' dir='ltr'><strong>ove</strong></span> <span class='ocrx_word' id='word_1_118' title='bbox 1511 1646 1559 1710; x_wconf 86' lang='lat' dir='ltr'><strong>lez</strong></span> <span class='ocrx_word' id='word_1_119' title='bbox 1573 1659 1719 1733; x_wconf 86' lang='lat' dir='ltr'><strong>appurte-</strong></span> 
     </span>
     <span class='ocr_line' id='line_1_11' title="bbox 329 1751 1719 1821; baseline -0.004 -1"><span class='ocrx_word' id='word_1_120' title='bbox 329 1777 447 1820; x_wconf 83' lang='lat' dir='ltr'><strong>neuncs</strong></span> <span class='ocrx_word' id='word_1_121' title='bbox 461 1767 493 1820; x_wconf 91' lang='lat' dir='ltr'><strong>et</strong></span> <span class='ocrx_word' id='word_1_122' title='bbox 508 1755 547 1820; x_wconf 89' lang='lat' dir='ltr'><strong>de</strong></span> <span class='ocrx_word' id='word_1_123' title='bbox 562 1768 648 1819; x_wconf 87' lang='lat' dir='ltr'><strong>toutz</strong></span> <span class='ocrx_word' id='word_1_124' title='bbox 664 1755 778 1820; x_wconf 88' lang='lat' dir='ltr'><strong>aultres</strong></span> <span class='ocrx_word' id='word_1_125' title='bbox 800 1779 851 1821; x_wconf 85' lang='lat' dir='ltr'><strong>sez</strong></span> <span class='ocrx_word' id='word_1_126' title='bbox 875 1769 970 1820; x_wconf 87' lang='lat' dir='ltr'><strong>terres</strong></span> <span class='ocrx_word' id='word_1_127' title='bbox 985 1754 1073 1820; x_wconf 89' lang='lat' dir='ltr'><strong>deins</strong></span> <span class='ocrx_word' id='word_1_128' title='bbox 1092 1754 1124 1820; x_wconf 82' lang='lat' dir='ltr'><strong>le</strong></span> <span class='ocrx_word' id='word_1_129' title='bbox 1137 1767 1218 1820; x_wconf 90' lang='lat' dir='ltr'><strong>terre</strong></span> <span class='ocrx_word' id='word_1_130' title='bbox 1234 1753 1370 1819; x_wconf 88' lang='lat' dir='ltr'><strong>Dirland</strong></span> <span class='ocrx_word' id='word_1_131' title='bbox 1391 1766 1424 1818; x_wconf 90' lang='lat' dir='ltr'><strong>et</strong></span> <span class='ocrx_word' id='word_1_132' title='bbox 1445 1753 1547 1818; x_wconf 87' lang='lat' dir='ltr'><strong>loffice</strong></span> <span class='ocrx_word' id='word_1_133' title='bbox 1562 1752 1606 1817; x_wconf 91' lang='lat' dir='ltr'><strong>du</strong></span> <span class='ocrx_word' id='word_1_134' title='bbox 1621 1751 1719 1818; x_wconf 88' lang='lat' dir='ltr'><strong>adrni-</strong></span> 
     </span>
     <span class='ocr_line' id='line_1_12' title="bbox 329 1857 1718 1946; baseline 0 -22"><span class='ocrx_word' id='word_1_135' title='bbox 329 1859 406 1924; x_wconf 81' lang='lat' dir='ltr'><strong>relte</strong></span> <span class='ocrx_word' id='word_1_136' title='bbox 421 1857 451 1924; x_wconf 85' lang='lat' dir='ltr'><strong>le</strong></span> <span class='ocrx_word' id='word_1_137' title='bbox 465 1857 561 1924; x_wconf 91' lang='lat' dir='ltr'><strong>daver</strong></span> <span class='ocrx_word' id='word_1_138' title='bbox 574 1857 715 1924; x_wconf 86' lang='lat' dir='ltr'><strong>exercier</strong></span> <span class='ocrx_word' id='word_1_139' title='bbox 735 1871 767 1924; x_wconf 91' lang='lat' dir='ltr'><strong>et</strong></span> <span class='ocrx_word' id='word_1_140' title='bbox 788 1858 908 1944; x_wconf 88' lang='lat' dir='ltr'><strong>enjoier</strong></span> <span class='ocrx_word' id='word_1_141' title='bbox 930 1883 986 1946; x_wconf 90' lang='lat' dir='ltr'><strong>per</strong></span> <span class='ocrx_word' id='word_1_142' title='bbox 1007 1881 1072 1923; x_wconf 86' lang='lat' dir='ltr'><strong>eux</strong></span> <span class='ocrx_word' id='word_1_143' title='bbox 1094 1881 1228 1926; x_wconf 78' lang='lat' dir='ltr'><strong>mesmes</strong></span> <span class='ocrx_word' id='word_1_144' title='bbox 1243 1882 1286 1923; x_wconf 93' lang='lat' dir='ltr'><strong>ou</strong></span> <span class='ocrx_word' id='word_1_145' title='bbox 1309 1859 1379 1924; x_wconf 91' lang='lat' dir='ltr'><strong>lour</strong></span> <span class='ocrx_word' id='word_1_146' title='bbox 1398 1857 1520 1944; x_wconf 78' lang='lat' dir='ltr'><strong>essigne</strong></span> <span class='ocrx_word' id='word_1_147' title='bbox 1540 1882 1582 1924; x_wconf 88' lang='lat' dir='ltr'><strong>ou</strong></span> <span class='ocrx_word' id='word_1_148' title='bbox 1602 1858 1718 1946; x_wconf 91' lang='lat' dir='ltr'><strong>depute</strong></span> 
     </span>
     <span class='ocr_line' id='line_1_13' title="bbox 329 1965 1720 2054; baseline 0.002 -26"><span class='ocrx_word' id='word_1_149' title='bbox 329 1987 424 2030; x_wconf 75' lang='lat' dir='ltr'><strong>senne</strong></span> <span class='ocrx_word' id='word_1_150' title='bbox 447 1989 543 2030; x_wconf 84' lang='lat' dir='ltr'><strong>escuir</strong></span> <span class='ocrx_word' id='word_1_151' title='bbox 571 1965 791 2054; x_wconf 87' lang='lat' dir='ltr'><strong>empeehment</strong></span> <span class='ocrx_word' id='word_1_152' title='bbox 816 1991 858 2032; x_wconf 93' lang='lat' dir='ltr'><strong>ou</strong></span> <span class='ocrx_word' id='word_1_153' title='bbox 885 1966 1093 2054; x_wconf 89' lang='lat' dir='ltr'><strong>impediment</strong></span> <span class='ocrx_word' id='word_1_154' title='bbox 1120 1965 1322 2032; x_wconf 87' lang='lat' dir='ltr'><strong>molestecion</strong></span> <span class='ocrx_word' id='word_1_155' title='bbox 1351 1991 1393 2031; x_wconf 91' lang='lat' dir='ltr'><strong>ou</strong></span> <span class='ocrx_word' id='word_1_156' title='bbox 1415 1990 1592 2054; x_wconf 83' lang='lat' dir='ltr'><strong>greveunce</strong></span> <span class='ocrx_word' id='word_1_157' title='bbox 1616 1982 1720 2032; x_wconf 88' lang='lat' dir='ltr'><strong>nostre</strong></span> 
     </span>
     <span class='ocr_line' id='line_1_14' title="bbox 329 2071 1720 2162; baseline 0.004 -27"><span class='ocrx_word' id='word_1_158' title='bbox 329 2071 471 2136; x_wconf 83' lang='lat' dir='ltr'><strong>soverein</strong></span> <span class='ocrx_word' id='word_1_159' title='bbox 494 2071 577 2138; x_wconf 91' lang='lat' dir='ltr'><strong>sieur</strong></span> <span class='ocrx_word' id='word_1_160' title='bbox 600 2073 629 2138; x_wconf 90' lang='lat' dir='ltr'><strong>le</strong></span> <span class='ocrx_word' id='word_1_161' title='bbox 651 2097 708 2161; x_wconf 89' lang='lat' dir='ltr'><strong>roy</strong></span> <span class='ocrx_word' id='word_1_162' title='bbox 727 2097 777 2138; x_wconf 84' lang='lat' dir='ltr'><strong>ser</strong></span> <span class='ocrx_word' id='word_1_163' title='bbox 798 2075 900 2140; x_wconf 90' lang='lat' dir='ltr'><strong>heires</strong></span> <span class='ocrx_word' id='word_1_164' title='bbox 919 2097 1111 2140; x_wconf 83' lang='lat' dir='ltr'><strong>successeurs</strong></span> <span class='ocrx_word' id='word_1_165' title='bbox 1126 2073 1259 2139; x_wconf 89' lang='lat' dir='ltr'><strong>officiers</strong></span> <span class='ocrx_word' id='word_1_166' title='bbox 1273 2098 1315 2139; x_wconf 90' lang='lat' dir='ltr'><strong>ou</strong></span> <span class='ocrx_word' id='word_1_167' title='bbox 1337 2073 1496 2139; x_wconf 80' lang='lat' dir='ltr'><strong>ministrer</strong></span> <span class='ocrx_word' id='word_1_168' title='bbox 1517 2097 1720 2162; x_wconf 86' lang='lat' dir='ltr'><strong>quyconques</strong></span> 
     </span>
     <span class='ocr_line' id='line_1_15' title="bbox 329 2177 1733 2269; baseline 0.004 -27"><span class='ocrx_word' id='word_1_169' title='bbox 329 2199 370 2242; x_wconf 90' lang='lat' dir='ltr'><strong>en</strong></span> <span class='ocrx_word' id='word_1_170' title='bbox 384 2190 485 2265; x_wconf 91' lang='lat' dir='ltr'><strong>temps</strong></span> <span class='ocrx_word' id='word_1_171' title='bbox 500 2177 608 2244; x_wconf 85' lang='lat' dir='ltr'><strong>evenir</strong></span> <span class='ocrx_word' id='word_1_172' title='bbox 622 2191 655 2243; x_wconf 88' lang='lat' dir='ltr'><strong>et</strong></span> <span class='ocrx_word' id='word_1_173' title='bbox 668 2202 730 2264; x_wconf 90' lang='lat' dir='ltr'><strong>que</strong></span> <span class='ocrx_word' id='word_1_174' title='bbox 743 2179 830 2245; x_wconf 92' lang='lat' dir='ltr'><strong>nulle</strong></span> <span class='ocrx_word' id='word_1_175' title='bbox 846 2178 945 2244; x_wconf 89' lang='lat' dir='ltr'><strong>aultre</strong></span> <span class='ocrx_word' id='word_1_176' title='bbox 961 2179 1103 2245; x_wconf 83' lang='lat' dir='ltr'><strong>edmirall</strong></span> <span class='ocrx_word' id='word_1_177' title='bbox 1126 2180 1169 2244; x_wconf 92' lang='lat' dir='ltr'><strong>du</strong></span> <span class='ocrx_word' id='word_1_178' title='bbox 1184 2203 1242 2267; x_wconf 83' lang='lat' dir='ltr'><strong>roy</strong></span> <span class='ocrx_word' id='word_1_179' title='bbox 1255 2203 1297 2246; x_wconf 90' lang='lat' dir='ltr'><strong>ne</strong></span> <span class='ocrx_word' id='word_1_180' title='bbox 1312 2203 1368 2244; x_wconf 91' lang='lat' dir='ltr'><strong>son</strong></span> <span class='ocrx_word' id='word_1_181' title='bbox 1383 2179 1500 2268; x_wconf 90' lang='lat' dir='ltr'><strong>depute</strong></span> <span class='ocrx_word' id='word_1_182' title='bbox 1515 2205 1556 2245; x_wconf 92' lang='lat' dir='ltr'><strong>ou</strong></span> <span class='ocrx_word' id='word_1_183' title='bbox 1572 2180 1733 2269; x_wconf 85' lang='lat' dir='ltr'><strong>deputeee¹</strong></span> 
     </span>
     <span class='ocr_line' id='line_1_16' title="bbox 328 2285 1722 2376; baseline 0.006 -30"><span class='ocrx_word' id='word_1_184' title='bbox 328 2297 448 2349; x_wconf 82' lang='lat' dir='ltr'><strong>vexent</strong></span> <span class='ocrx_word' id='word_1_185' title='bbox 461 2307 501 2348; x_wconf 89' lang='lat' dir='ltr'><strong>ne</strong></span> <span class='ocrx_word' id='word_1_186' title='bbox 516 2285 674 2351; x_wconf 90' lang='lat' dir='ltr'><strong>troublent</strong></span> <span class='ocrx_word' id='word_1_187' title='bbox 689 2309 783 2352; x_wconf 84' lang='lat' dir='ltr'><strong>escun</strong></span> <span class='ocrx_word' id='word_1_188' title='bbox 798 2286 838 2352; x_wconf 91' lang='lat' dir='ltr'><strong>de</strong></span> <span class='ocrx_word' id='word_1_189' title='bbox 852 2311 902 2352; x_wconf 87' lang='lat' dir='ltr'><strong>sez</strong></span> <span class='ocrx_word' id='word_1_190' title='bbox 916 2287 981 2352; x_wconf 83' lang='lat' dir='ltr'><strong>ditz</strong></span> <span class='ocrx_word' id='word_1_191' title='bbox 996 2303 1140 2353; x_wconf 85' lang='lat' dir='ltr'><strong>tensunts</strong></span> <span class='ocrx_word' id='word_1_192' title='bbox 1155 2311 1197 2352; x_wconf 92' lang='lat' dir='ltr'><strong>ou</strong></span> <span class='ocrx_word' id='word_1_193' title='bbox 1207 2287 1399 2354; x_wconf 72' lang='lat' dir='ltr'><strong>inhabitants</strong></span> <span class='ocrx_word' id='word_1_194' title='bbox 1413 2311 1469 2376; x_wconf 89' lang='lat' dir='ltr'><strong>per</strong></span> <span class='ocrx_word' id='word_1_195' title='bbox 1479 2289 1582 2354; x_wconf 87' lang='lat' dir='ltr'><strong>virtue</strong></span> <span class='ocrx_word' id='word_1_196' title='bbox 1597 2288 1637 2354; x_wconf 92' lang='lat' dir='ltr'><strong>de</strong></span> <span class='ocrx_word' id='word_1_197' title='bbox 1652 2289 1722 2354; x_wconf 91' lang='lat' dir='ltr'><strong>lour</strong></span> 
     </span>
     <span class='ocr_line' id='line_1_17' title="bbox 330 2390 1722 2481; baseline 0.004 -26"><span class='ocrx_word' id='word_1_198' title='bbox 330 2390 418 2456; x_wconf 89' lang='lat' dir='ltr'><strong>office</strong></span> <span class='ocrx_word' id='word_1_199' title='bbox 433 2414 472 2456; x_wconf 89' lang='lat' dir='ltr'><strong>en</strong></span> <span class='ocrx_word' id='word_1_200' title='bbox 488 2403 588 2478; x_wconf 87' lang='lat' dir='ltr'><strong>temps</strong></span> <span class='ocrx_word' id='word_1_201' title='bbox 604 2391 712 2457; x_wconf 84' lang='lat' dir='ltr'><strong>evenir</strong></span> <span class='ocrx_word' id='word_1_202' title='bbox 725 2405 759 2457; x_wconf 91' lang='lat' dir='ltr'><strong>et</strong></span> <span class='ocrx_word' id='word_1_203' title='bbox 772 2392 824 2456; x_wconf 92' lang='lat' dir='ltr'><strong>sils</strong></span> <span class='ocrx_word' id='word_1_204' title='bbox 840 2416 881 2458; x_wconf 90' lang='lat' dir='ltr'><strong>ou</strong></span> <span class='ocrx_word' id='word_1_205' title='bbox 896 2417 990 2460; x_wconf 87' lang='lat' dir='ltr'><strong>asoun</strong></span> <span class='ocrx_word' id='word_1_206' title='bbox 1006 2393 1044 2458; x_wconf 92' lang='lat' dir='ltr'><strong>de</strong></span> <span class='ocrx_word' id='word_1_207' title='bbox 1060 2394 1136 2458; x_wconf 86' lang='lat' dir='ltr'><strong>eulx</strong></span> <span class='ocrx_word' id='word_1_208' title='bbox 1155 2393 1271 2459; x_wconf 75' lang='lat' dir='ltr'><strong>facient</strong></span> <span class='ocrx_word' id='word_1_209' title='bbox 1290 2393 1320 2460; x_wconf 91' lang='lat' dir='ltr'><strong>le</strong></span> <span class='ocrx_word' id='word_1_210' title='bbox 1336 2395 1489 2460; x_wconf 77' lang='lat' dir='ltr'><strong>contrarie</strong></span> <span class='ocrx_word' id='word_1_211' title='bbox 1504 2417 1566 2481; x_wconf 91' lang='lat' dir='ltr'><strong>que</strong></span> <span class='ocrx_word' id='word_1_212' title='bbox 1580 2394 1606 2460; x_wconf 91' lang='lat' dir='ltr'><strong>si</strong></span> <span class='ocrx_word' id='word_1_213' title='bbox 1629 2409 1722 2461; x_wconf 85' lang='lat' dir='ltr'><strong>teunt</strong></span> 
     </span>
     <span class='ocr_line' id='line_1_18' title="bbox 330 2495 1721 2590; baseline 0.004 -29"><span class='ocrx_word' id='word_1_214' title='bbox 330 2496 373 2562; x_wconf 91' lang='lat' dir='ltr'><strong>du</strong></span> <span class='ocrx_word' id='word_1_215' title='bbox 383 2496 458 2561; x_wconf 83' lang='lat' dir='ltr'><strong>foitz</strong></span> <span class='ocrx_word' id='word_1_216' title='bbox 473 2519 562 2562; x_wconf 92' lang='lat' dir='ltr'><strong>come</strong></span> <span class='ocrx_word' id='word_1_217' title='bbox 576 2495 615 2561; x_wconf 93' lang='lat' dir='ltr'><strong>ils</strong></span> <span class='ocrx_word' id='word_1_218' title='bbox 630 2521 671 2562; x_wconf 92' lang='lat' dir='ltr'><strong>ou</strong></span> <span class='ocrx_word' id='word_1_219' title='bbox 686 2521 781 2562; x_wconf 84' lang='lat' dir='ltr'><strong>secun</strong></span> <span class='ocrx_word' id='word_1_220' title='bbox 796 2497 835 2564; x_wconf 87' lang='lat' dir='ltr'><strong>de</strong></span> <span class='ocrx_word' id='word_1_221' title='bbox 851 2498 928 2564; x_wconf 84' lang='lat' dir='ltr'><strong>eulx</strong></span> <span class='ocrx_word' id='word_1_222' title='bbox 944 2523 1020 2588; x_wconf 89' lang='lat' dir='ltr'><strong>ensy</strong></span> <span class='ocrx_word' id='word_1_223' title='bbox 1035 2499 1140 2564; x_wconf 80' lang='lat' dir='ltr'><strong>secent</strong></span> <span class='ocrx_word' id='word_1_224' title='bbox 1153 2498 1193 2564; x_wconf 90' lang='lat' dir='ltr'><strong>de</strong></span> <span class='ocrx_word' id='word_1_225' title='bbox 1208 2499 1333 2565; x_wconf 84' lang='lat' dir='ltr'><strong>forsetre</strong></span> <span class='ocrx_word' id='word_1_226' title='bbox 1353 2523 1385 2564; x_wconf 88' lang='lat' dir='ltr'><strong>x.</strong></span> <span class='ocrx_word' id='word_1_227' title='bbox 1400 2499 1433 2566; x_wconf 89' lang='lat' dir='ltr'><strong>li.</strong></span> <span class='ocrx_word' id='word_1_228' title='bbox 1445 2499 1476 2564; x_wconf 89' lang='lat' dir='ltr'><strong>la</strong></span> <span class='ocrx_word' id='word_1_229' title='bbox 1497 2501 1593 2566; x_wconf 91' lang='lat' dir='ltr'><strong>moite</strong></span> <span class='ocrx_word' id='word_1_230' title='bbox 1608 2525 1648 2568; x_wconf 83' lang='lat' dir='ltr'><strong>eu</strong></span> <span class='ocrx_word' id='word_1_231' title='bbox 1662 2525 1721 2590; x_wconf 88' lang='lat' dir='ltr'><strong>roy</strong></span> 
     </span>
     <span class='ocr_line' id='line_1_19' title="bbox 329 2601 1721 2693; baseline 0.002 -25"><span class='ocrx_word' id='word_1_232' title='bbox 329 2615 361 2668; x_wconf 89' lang='lat' dir='ltr'><strong>et</strong></span> <span class='ocrx_word' id='word_1_233' title='bbox 376 2601 407 2666; x_wconf 84' lang='lat' dir='ltr'><strong>le</strong></span> <span class='ocrx_word' id='word_1_234' title='bbox 421 2601 529 2668; x_wconf 90' lang='lat' dir='ltr'><strong>moitie</strong></span> <span class='ocrx_word' id='word_1_235' title='bbox 544 2603 574 2668; x_wconf 83' lang='lat' dir='ltr'><strong>al</strong></span> <span class='ocrx_word' id='word_1_236' title='bbox 589 2603 688 2690; x_wconf 87' lang='lat' dir='ltr'><strong>partie</strong></span> <span class='ocrx_word' id='word_1_237' title='bbox 707 2628 802 2692; x_wconf 83' lang='lat' dir='ltr'><strong>greve</strong></span> <span class='ocrx_word' id='word_1_238' title='bbox 826 2643 833 2660; x_wconf 92' lang='lat'><strong>·</strong></span> <span class='ocrx_word' id='word_1_239' title='bbox 857 2605 1091 2693; x_wconf 83' lang='lat' dir='ltr'><strong>Quemquidem</strong></span> <span class='ocrx_word' id='word_1_240' title='bbox 1107 2620 1211 2672; x_wconf 85' lang='lat' dir='ltr'><strong>ectum</strong></span> <span class='ocrx_word' id='word_1_241' title='bbox 1231 2606 1297 2673; x_wconf 91' lang='lat' dir='ltr'><strong>sive</strong></span> <span class='ocrx_word' id='word_1_242' title='bbox 1313 2606 1543 2672; x_wconf 81' lang='lat' dir='ltr'><strong>ordinacionem</strong></span> <span class='ocrx_word' id='word_1_243' title='bbox 1560 2608 1599 2672; x_wconf 86' lang='lat' dir='ltr'><strong>ad</strong></span> <span class='ocrx_word' id='word_1_244' title='bbox 1617 2607 1721 2693; x_wconf 88' lang='lat' dir='ltr'><strong>requi·</strong></span> 
     </span>
     <span class='ocr_line' id='line_1_20' title="bbox 329 2709 1720 2803; baseline 0.003 -29"><span class='ocrx_word' id='word_1_245' title='bbox 329 2709 476 2778; x_wconf 87' lang='lat' dir='ltr'><strong>sicionem</strong></span> <span class='ocrx_word' id='word_1_246' title='bbox 492 2709 624 2798; x_wconf 85' lang='lat' dir='ltr'><strong>predicti</strong></span> <span class='ocrx_word' id='word_1_247' title='bbox 640 2711 757 2776; x_wconf 89' lang='lat' dir='ltr'><strong>Prioris</strong></span> <span class='ocrx_word' id='word_1_248' title='bbox 772 2711 922 2779; x_wconf 79' lang='lat' dir='ltr'><strong>duximus</strong></span> <span class='ocrx_word' id='word_1_249' title='bbox 936 2713 1236 2803; x_wconf 80' lang='lat' dir='ltr'><strong>exemplificandum</strong></span> <span class='ocrx_word' id='word_1_250' title='bbox 1261 2751 1268 2767; x_wconf 90' lang='lat'><strong>·</strong></span> <span class='ocrx_word' id='word_1_251' title='bbox 1292 2715 1331 2778; x_wconf 95' lang='lat' dir='ltr'><strong>In</strong></span> <span class='ocrx_word' id='word_1_252' title='bbox 1346 2713 1436 2799; x_wconf 93' lang='lat' dir='ltr'><strong>cujus</strong></span> <span class='ocrx_word' id='word_1_253' title='bbox 1446 2713 1491 2778; x_wconf 91' lang='lat' dir='ltr'><strong>rei</strong></span> <span class='ocrx_word' id='word_1_254' title='bbox 1507 2713 1720 2779; x_wconf 88' lang='lat' dir='ltr'><strong>testimonium</strong></span> 
     </span>
     <span class='ocr_line' id='line_1_21' title="bbox 329 2815 1722 2908; baseline 0.002 -28"><span class='ocrx_word' id='word_1_255' title='bbox 329 2816 383 2882; x_wconf 80' lang='lat' dir='ltr'><strong>hes</strong></span> <span class='ocrx_word' id='word_1_256' title='bbox 396 2815 514 2881; x_wconf 81' lang='lat' dir='ltr'><strong>litteras</strong></span> <span class='ocrx_word' id='word_1_257' title='bbox 529 2829 647 2882; x_wconf 84' lang='lat' dir='ltr'><strong>nostres</strong></span> <span class='ocrx_word' id='word_1_258' title='bbox 661 2817 729 2883; x_wconf 89' lang='lat' dir='ltr'><strong>fieri</strong></span> <span class='ocrx_word' id='word_1_259' title='bbox 744 2817 873 2884; x_wconf 80' lang='lat' dir='ltr'><strong>fecimus</strong></span> <span class='ocrx_word' id='word_1_260' title='bbox 890 2833 1040 2908; x_wconf 85' lang='lat' dir='ltr'><strong>petentes.</strong></span> <span class='ocrx_word' id='word_1_261' title='bbox 1085 2820 1179 2885; x_wconf 88' lang='lat' dir='ltr'><strong>Teste</strong></span> <span class='ocrx_word' id='word_1_262' title='bbox 1193 2818 1313 2908; x_wconf 80' lang='lat' dir='ltr'><strong>prefato</strong></span> <span class='ocrx_word' id='word_1_263' title='bbox 1323 2817 1497 2905; x_wconf 78' lang='lat' dir='ltr'><strong>justiciario</strong></span> <span class='ocrx_word' id='word_1_264' title='bbox 1512 2819 1597 2907; x_wconf 80' lang='lat' dir='ltr'><strong>apud</strong></span> <span class='ocrx_word' id='word_1_265' title='bbox 1609 2819 1722 2886; x_wconf 85' lang='lat' dir='ltr'><strong>Conell</strong></span> 
     </span>
    </p>
   </div>
   <div class='ocr_carea' id='block_1_3' title="bbox 329 2924 1721 3120">
    <p class='ocr_par' dir='ltr' id='par_1_3' title="bbox 329 2924 1721 3120">
     <span class='ocr_line' id='line_1_22' title="bbox 329 2924 1721 3016; baseline -0.001 -27"><span class='ocrx_word' id='word_1_266' title='bbox 329 2924 563 3011; x_wconf 90' lang='lat' dir='ltr'><strong>quintodecimo</strong></span> <span class='ocrx_word' id='word_1_267' title='bbox 589 2925 640 2992; x_wconf 91' lang='lat' dir='ltr'><strong>die</strong></span> <span class='ocrx_word' id='word_1_268' title='bbox 665 2925 858 3014; x_wconf 85' lang='lat' dir='ltr'><strong>Septembris</strong></span> <span class='ocrx_word' id='word_1_269' title='bbox 883 2952 966 2994; x_wconf 83' lang='lat' dir='ltr'><strong>enno</strong></span> <span class='ocrx_word' id='word_1_270' title='bbox 991 2930 1081 3016; x_wconf 84' lang='lat' dir='ltr'><strong>regni</strong></span> <span class='ocrx_word' id='word_1_271' title='bbox 1105 2925 1203 2993; x_wconf 89' lang='lat' dir='ltr'><strong>nostri</strong></span> <span class='ocrx_word' id='word_1_272' title='bbox 1231 2927 1354 2993; x_wconf 90' lang='lat' dir='ltr'><strong>decimo</strong></span> <span class='ocrx_word' id='word_1_273' title='bbox 1383 2925 1721 2992; x_wconf 58' lang='lat' dir='ltr'><strong>octavo-Rumam</strong></span> 
     </span>
     <span class='ocr_line' id='line_1_23' title="bbox 329 3032 1326 3120; baseline 0.003 -24"><span class='ocrx_word' id='word_1_274' title='bbox 329 3032 424 3109; x_wconf 78' lang='lat' dir='ltr'><strong>Book,</strong></span> <span class='ocrx_word' id='word_1_275' title='bbox 441 3055 471 3120; x_wconf 92' lang='lat' dir='ltr'><strong>p.</strong></span> <span class='ocrx_word' id='word_1_276' title='bbox 493 3053 564 3120; x_wconf 79' lang='lat'><strong>125.</strong></span> <span class='ocrx_word' id='word_1_277' title='bbox 1322 3059 1326 3066; x_wconf 95' lang='grc'><em>·</em></span> 
     </span>
    </p>
   </div>
   <div class='ocr_carea' id='block_1_4' title="bbox 987 3207 1070 3307">
    <p class='ocr_par' dir='ltr' id='par_1_4' title="bbox 987 3207 1070 3307">
     <span class='ocr_line' id='line_1_24' title="bbox 987 3207 1070 3307; baseline 0.024 -25"><span class='ocrx_word' id='word_1_278' title='bbox 987 3207 1070 3307; x_wconf 75' lang='lat' dir='ltr'><strong>ru]</strong></span> 
     </span>
    </p>
   </div>
   <div class='ocr_carea' id='block_1_5' title="bbox 718 3391 1332 3493">
    <p class='ocr_par' dir='ltr' id='par_1_5' title="bbox 718 3391 1332 3493">
     <span class='ocr_line' id='line_1_25' title="bbox 718 3391 1332 3493; baseline -0.002 -25"><span class='ocrx_word' id='word_1_279' title='bbox 718 3393 879 3493; x_wconf 71' lang='lat' dir='ltr'><strong>[tuantur</strong></span> <span class='ocrx_word' id='word_1_280' title='bbox 896 3396 1095 3470; x_wconf 65' lang='lat' dir='ltr'><strong>&#39;ttttrrutntt</strong></span> <span class='ocrx_word' id='word_1_281' title='bbox 1112 3391 1332 3492; x_wconf 62' lang='lat' dir='ltr'><strong>unientem]</strong></span> 
     </span>
    </p>
   </div>
   <div class='ocr_carea' id='block_1_6' title="bbox 326 3558 1721 4494">
    <p class='ocr_par' dir='ltr' id='par_1_6' title="bbox 431 3558 1721 3652">
     <span class='ocr_line' id='line_1_26' title="bbox 431 3558 1721 3652; baseline -0.002 -24"><span class='ocrx_word' id='word_1_282' title='bbox 431 3563 566 3630; x_wconf 84' lang='lat' dir='ltr'><strong>Enricus</strong></span> <span class='ocrx_word' id='word_1_283' title='bbox 589 3563 640 3629; x_wconf 91' lang='lat' dir='ltr'><strong>dei</strong></span> <span class='ocrx_word' id='word_1_284' title='bbox 662 3563 767 3652; x_wconf 83' lang='lat' dir='ltr'><strong>gracie</strong></span> <span class='ocrx_word' id='word_1_285' title='bbox 781 3588 839 3630; x_wconf 86' lang='lat' dir='ltr'><strong>rex</strong></span> <span class='ocrx_word' id='word_1_286' title='bbox 855 3565 974 3652; x_wconf 87' lang='lat' dir='ltr'><strong>Anglie</strong></span> <span class='ocrx_word' id='word_1_287' title='bbox 998 3579 1030 3630; x_wconf 92' lang='lat' dir='ltr'><strong>et</strong></span> <span class='ocrx_word' id='word_1_288' title='bbox 1044 3563 1177 3629; x_wconf 83' lang='lat' dir='ltr'><strong>Francis</strong></span> <span class='ocrx_word' id='word_1_289' title='bbox 1199 3578 1232 3628; x_wconf 90' lang='lat' dir='ltr'><strong>et</strong></span> <span class='ocrx_word' id='word_1_290' title='bbox 1246 3561 1392 3627; x_wconf 90' lang='lat' dir='ltr'><strong>dominus</strong></span> <span class='ocrx_word' id='word_1_291' title='bbox 1406 3559 1561 3626; x_wconf 86' lang='lat' dir='ltr'><strong>Hibernie</strong></span> <span class='ocrx_word' id='word_1_292' title='bbox 1576 3558 1721 3626; x_wconf 89' lang='lat' dir='ltr'><strong>omnibus</strong></span> 
     </span>
    </p>

    <p class='ocr_par' dir='ltr' id='par_1_7' title="bbox 472 3666 1719 3758">
     <span class='ocr_line' id='line_1_27' title="bbox 472 3666 1719 3758; baseline -0.005 -22"><span class='ocrx_word' id='word_1_293' title='bbox 472 3671 513 3736; x_wconf 83' lang='lat' dir='ltr'><strong>ad</strong></span> <span class='ocrx_word' id='word_1_294' title='bbox 547 3695 625 3756; x_wconf 91' lang='lat' dir='ltr'><strong>quos</strong></span> <span class='ocrx_word' id='word_1_295' title='bbox 651 3683 809 3758; x_wconf 83' lang='lat' dir='ltr'><strong>presentes</strong></span> <span class='ocrx_word' id='word_1_296' title='bbox 835 3671 938 3736; x_wconf 90' lang='lat' dir='ltr'><strong>littere</strong></span> <span class='ocrx_word' id='word_1_297' title='bbox 964 3671 1166 3758; x_wconf 88' lang='lat' dir='ltr'><strong>pervenerint</strong></span> <span class='ocrx_word' id='word_1_298' title='bbox 1185 3669 1316 3736; x_wconf 89' lang='lat' dir='ltr'><strong>salutern</strong></span> <span class='ocrx_word' id='word_1_299' title='bbox 1339 3667 1541 3754; x_wconf 89' lang='lat' dir='ltr'><strong>Inspeximus</strong></span> <span class='ocrx_word' id='word_1_300' title='bbox 1570 3666 1719 3752; x_wconf 88' lang='lat' dir='ltr'><strong>quasdam</strong></span> 
     </span>
    </p>

    <p class='ocr_par' dir='ltr' id='par_1_8' title="bbox 326 3772 1720 4494">
     <span class='ocr_line' id='line_1_28' title="bbox 327 3772 1720 3863; baseline -0.003 -23"><span class='ocrx_word' id='word_1_301' title='bbox 327 3775 443 3841; x_wconf 73' lang='lat' dir='ltr'><strong>litteras</strong></span> <span class='ocrx_word' id='word_1_302' title='bbox 458 3791 600 3863; x_wconf 84' lang='lat' dir='ltr'><strong>petentes</strong></span> <span class='ocrx_word' id='word_1_303' title='bbox 614 3775 767 3863; x_wconf 88' lang='lat' dir='ltr'><strong>separales</strong></span> <span class='ocrx_word' id='word_1_304' title='bbox 782 3775 902 3840; x_wconf 90' lang='lat' dir='ltr'><strong>domini</strong></span> <span class='ocrx_word' id='word_1_305' title='bbox 919 3775 1067 3840; x_wconf 85' lang='lat' dir='ltr'><strong>Edwardi</strong></span> <span class='ocrx_word' id='word_1_306' title='bbox 1084 3773 1186 3861; x_wconf 77' lang='lat' dir='ltr'><strong>quarti</strong></span> <span class='ocrx_word' id='word_1_307' title='bbox 1201 3797 1302 3861; x_wconf 89' lang='lat' dir='ltr'><strong>nuper</strong></span> <span class='ocrx_word' id='word_1_308' title='bbox 1320 3772 1402 3861; x_wconf 86' lang='lat' dir='ltr'><strong>regis</strong></span> <span class='ocrx_word' id='word_1_309' title='bbox 1417 3772 1535 3860; x_wconf 86' lang='lat' dir='ltr'><strong>Anglie</strong></span> <span class='ocrx_word' id='word_1_310' title='bbox 1557 3772 1720 3859; x_wconf 87' lang='lat' dir='ltr'><strong>predeces-</strong></span> 
     </span>
     <span class='ocr_line' id='line_1_29' title="bbox 327 3876 1718 3970; baseline -0.004 -24"><span class='ocrx_word' id='word_1_311' title='bbox 327 3882 402 3947; x_wconf 86' lang='lat' dir='ltr'><strong>soris</strong></span> <span class='ocrx_word' id='word_1_312' title='bbox 417 3881 515 3946; x_wconf 89' lang='lat' dir='ltr'><strong>nostri</strong></span> <span class='ocrx_word' id='word_1_313' title='bbox 537 3882 572 3946; x_wconf 90' lang='lat' dir='ltr'><strong>in</strong></span> <span class='ocrx_word' id='word_1_314' title='bbox 598 3882 656 3948; x_wconf 90' lang='lat' dir='ltr'><strong>hec</strong></span> <span class='ocrx_word' id='word_1_315' title='bbox 678 3883 774 3948; x_wconf 85' lang='lat' dir='ltr'><strong>verbe</strong></span> <span class='ocrx_word' id='word_1_316' title='bbox 796 3881 971 3948; x_wconf 70' lang='lat' dir='ltr'><strong>Edwardue</strong></span> <span class='ocrx_word' id='word_1_317' title='bbox 986 3880 1038 3946; x_wconf 89' lang='lat' dir='ltr'><strong>dei</strong></span> <span class='ocrx_word' id='word_1_318' title='bbox 1052 3881 1158 3970; x_wconf 83' lang='lat' dir='ltr'><strong>grecia</strong></span> <span class='ocrx_word' id='word_1_319' title='bbox 1171 3905 1228 3946; x_wconf 87' lang='lat' dir='ltr'><strong>rex</strong></span> <span class='ocrx_word' id='word_1_320' title='bbox 1243 3879 1362 3968; x_wconf 87' lang='lat' dir='ltr'><strong>Anglie</strong></span> <span class='ocrx_word' id='word_1_321' title='bbox 1377 3893 1409 3944; x_wconf 90' lang='lat' dir='ltr'><strong>et</strong></span> <span class='ocrx_word' id='word_1_322' title='bbox 1423 3878 1556 3944; x_wconf 78' lang='lat' dir='ltr'><strong>Francie</strong></span> <span class='ocrx_word' id='word_1_323' title='bbox 1571 3891 1604 3944; x_wconf 92' lang='lat' dir='ltr'><strong>et</strong></span> <span class='ocrx_word' id='word_1_324' title='bbox 1618 3876 1718 3943; x_wconf 88' lang='lat' dir='ltr'><strong>domi·</strong></span> 
     </span>
     <span class='ocr_line' id='line_1_30' title="bbox 326 3983 1718 4075; baseline -0.001 -23"><span class='ocrx_word' id='word_1_325' title='bbox 326 4010 385 4052; x_wconf 90' lang='lat' dir='ltr'><strong>nus</strong></span> <span class='ocrx_word' id='word_1_326' title='bbox 399 3985 553 4052; x_wconf 87' lang='lat' dir='ltr'><strong>Hibernie</strong></span> <span class='ocrx_word' id='word_1_327' title='bbox 565 3987 710 4052; x_wconf 91' lang='lat' dir='ltr'><strong>omnibus</strong></span> <span class='ocrx_word' id='word_1_328' title='bbox 722 3987 762 4052; x_wconf 83' lang='lat' dir='ltr'><strong>ed</strong></span> <span class='ocrx_word' id='word_1_329' title='bbox 774 4011 851 4072; x_wconf 91' lang='lat' dir='ltr'><strong>quos</strong></span> <span class='ocrx_word' id='word_1_330' title='bbox 860 4000 1018 4075; x_wconf 87' lang='lat' dir='ltr'><strong>presentes</strong></span> <span class='ocrx_word' id='word_1_331' title='bbox 1033 3987 1136 4052; x_wconf 89' lang='lat' dir='ltr'><strong>littere</strong></span> <span class='ocrx_word' id='word_1_332' title='bbox 1151 3987 1352 4075; x_wconf 87' lang='lat' dir='ltr'><strong>pervenerint</strong></span> <span class='ocrx_word' id='word_1_333' title='bbox 1363 3986 1494 4051; x_wconf 87' lang='lat' dir='ltr'><strong>salutem</strong></span> <span class='ocrx_word' id='word_1_334' title='bbox 1517 3983 1718 4072; x_wconf 86' lang='lat' dir='ltr'><strong>Inspeximus</strong></span> 
     </span>
     <span class='ocr_line' id='line_1_31' title="bbox 327 4089 1719 4182; baseline -0.003 -24"><span class='ocrx_word' id='word_1_335' title='bbox 327 4092 484 4179; x_wconf 82' lang='lat' dir='ltr'><strong>quendem</strong></span> <span class='ocrx_word' id='word_1_336' title='bbox 493 4105 597 4158; x_wconf 83' lang='lat' dir='ltr'><strong>ectum</strong></span> <span class='ocrx_word' id='word_1_337' title='bbox 606 4093 672 4158; x_wconf 90' lang='lat' dir='ltr'><strong>sive</strong></span> <span class='ocrx_word' id='word_1_338' title='bbox 681 4091 913 4158; x_wconf 79' lang='lat' dir='ltr'><strong>ordinacionem</strong></span> <span class='ocrx_word' id='word_1_339' title='bbox 923 4094 957 4158; x_wconf 90' lang='lat' dir='ltr'><strong>in</strong></span> <span class='ocrx_word' id='word_1_340' title='bbox 967 4094 1174 4182; x_wconf 76' lang='lat' dir='ltr'><strong>parliamento</strong></span> <span class='ocrx_word' id='word_1_341' title='bbox 1185 4108 1290 4159; x_wconf 89' lang='lat' dir='ltr'><strong>nostro</strong></span> <span class='ocrx_word' id='word_1_342' title='bbox 1302 4093 1386 4181; x_wconf 81' lang='lat' dir='ltr'><strong>opud</strong></span> <span class='ocrx_word' id='word_1_343' title='bbox 1395 4091 1517 4158; x_wconf 91' lang='lat' dir='ltr'><strong>Dublin</strong></span> <span class='ocrx_word' id='word_1_344' title='bbox 1526 4091 1577 4156; x_wconf 90' lang='lat' dir='ltr'><strong>die</strong></span> <span class='ocrx_word' id='word_1_345' title='bbox 1584 4089 1719 4156; x_wconf 88' lang='lat' dir='ltr'><strong>Veneris</strong></span> 
     </span>
     <span class='ocr_line' id='line_1_32' title="bbox 326 4193 1714 4286; baseline -0.001 -24"><span class='ocrx_word' id='word_1_346' title='bbox 326 4198 473 4286; x_wconf 85' lang='lat' dir='ltr'><strong>proximo</strong></span> <span class='ocrx_word' id='word_1_347' title='bbox 487 4211 557 4285; x_wconf 88' lang='lat' dir='ltr'><strong>post</strong></span> <span class='ocrx_word' id='word_1_348' title='bbox 571 4197 685 4264; x_wconf 85' lang='lat' dir='ltr'><strong>festum</strong></span> <span class='ocrx_word' id='word_1_349' title='bbox 702 4197 816 4262; x_wconf 88' lang='lat' dir='ltr'><strong>Sancte</strong></span> <span class='ocrx_word' id='word_1_350' title='bbox 833 4197 982 4264; x_wconf 83' lang='lat' dir='ltr'><strong>Keterine</strong></span> <span class='ocrx_word' id='word_1_351' title='bbox 997 4197 1129 4286; x_wconf 86' lang='lat' dir='ltr'><strong>virginis</strong></span> <span class='ocrx_word' id='word_1_352' title='bbox 1147 4197 1259 4262; x_wconf 89' lang='lat' dir='ltr'><strong>ultimo</strong></span> <span class='ocrx_word' id='word_1_353' title='bbox 1275 4195 1452 4285; x_wconf 90' lang='lat' dir='ltr'><strong>predictum</strong></span> <span class='ocrx_word' id='word_1_354' title='bbox 1476 4193 1675 4284; x_wconf 87' lang='lat' dir='ltr'><strong>[preteritum</strong></span> <span class='ocrx_word' id='word_1_355' title='bbox 1684 4194 1714 4282; x_wconf 66' lang='grc' dir='ltr'><strong>ἲ]</strong></span> 
     </span>
     <span class='ocr_line' id='line_1_33' title="bbox 327 4299 1716 4386; baseline -0.006 -15"><span class='ocrx_word' id='word_1_356' title='bbox 327 4329 431 4371; x_wconf 84' lang='lat' dir='ltr'><strong>eorem</strong></span> <span class='ocrx_word' id='word_1_357' title='bbox 447 4304 562 4370; x_wconf 89' lang='lat' dir='ltr'><strong>dilecto</strong></span> <span class='ocrx_word' id='word_1_358' title='bbox 577 4318 610 4369; x_wconf 90' lang='lat' dir='ltr'><strong>et</strong></span> <span class='ocrx_word' id='word_1_359' title='bbox 623 4303 710 4369; x_wconf 89' lang='lat' dir='ltr'><strong>fideli</strong></span> <span class='ocrx_word' id='word_1_360' title='bbox 725 4319 831 4369; x_wconf 88' lang='lat' dir='ltr'><strong>nostro</strong></span> <span class='ocrx_word' id='word_1_361' title='bbox 843 4303 969 4369; x_wconf 84' lang='lat' dir='ltr'><strong>Thema</strong></span> <span class='ocrx_word' id='word_1_362' title='bbox 983 4304 1054 4370; x_wconf 85' lang='lat' dir='ltr'><strong>Fitz</strong></span> <span class='ocrx_word' id='word_1_363' title='bbox 1071 4304 1193 4370; x_wconf 88' lang='lat' dir='ltr'><strong>Morice</strong></span> <span class='ocrx_word' id='word_1_364' title='bbox 1209 4303 1323 4369; x_wconf 88' lang='lat' dir='ltr'><strong>comite</strong></span> <span class='ocrx_word' id='word_1_365' title='bbox 1336 4302 1466 4367; x_wconf 88' lang='lat' dir='ltr'><strong>Kildare</strong></span> <span class='ocrx_word' id='word_1_366' title='bbox 1482 4300 1521 4367; x_wconf 91' lang='lat' dir='ltr'><strong>ad</strong></span> <span class='ocrx_word' id='word_1_367' title='bbox 1536 4314 1612 4365; x_wconf 90' lang='lat' dir='ltr'><strong>tunc</strong></span> <span class='ocrx_word' id='word_1_368' title='bbox 1622 4299 1716 4386; x_wconf 89' lang='lat' dir='ltr'><strong>justi-</strong></span> 
     </span>
     <span class='ocr_line' id='line_1_34' title="bbox 326 4405 1719 4494; baseline -0.005 -17"><span class='ocrx_word' id='word_1_369' title='bbox 326 4409 422 4477; x_wconf 85' lang='lat' dir='ltr'><strong>cierio</strong></span> <span class='ocrx_word' id='word_1_370' title='bbox 436 4423 542 4474; x_wconf 91' lang='lat' dir='ltr'><strong>nostro</strong></span> <span class='ocrx_word' id='word_1_371' title='bbox 557 4423 637 4474; x_wconf 90' lang='lat' dir='ltr'><strong>terre</strong></span> <span class='ocrx_word' id='word_1_372' title='bbox 648 4421 753 4474; x_wconf 89' lang='lat' dir='ltr'><strong>nostre</strong></span> <span class='ocrx_word' id='word_1_373' title='bbox 769 4408 923 4474; x_wconf 90' lang='lat' dir='ltr'><strong>Hibernie</strong></span> <span class='ocrx_word' id='word_1_374' title='bbox 938 4421 1026 4474; x_wconf 86' lang='lat' dir='ltr'><strong>tento</strong></span> <span class='ocrx_word' id='word_1_375' title='bbox 1041 4421 1073 4474; x_wconf 91' lang='lat' dir='ltr'><strong>et</strong></span> <span class='ocrx_word' id='word_1_376' title='bbox 1082 4409 1202 4474; x_wconf 90' lang='lat' dir='ltr'><strong>ibidem</strong></span> <span class='ocrx_word' id='word_1_377' title='bbox 1216 4432 1315 4494; x_wconf 89' lang='lat' dir='ltr'><strong>usque</strong></span> <span class='ocrx_word' id='word_1_378' title='bbox 1330 4407 1416 4473; x_wconf 90' lang='lat' dir='ltr'><strong>diem</strong></span> <span class='ocrx_word' id='word_1_379' title='bbox 1432 4407 1523 4472; x_wconf 90' lang='lat' dir='ltr'><strong>Luue</strong></span> <span class='ocrx_word' id='word_1_380' title='bbox 1537 4405 1719 4494; x_wconf 91' lang='lat' dir='ltr'><strong>proximum</strong></span> 
     </span>
    </p>
   </div>
   <div class='ocr_carea' id='block_1_7' title="bbox 324 4507 1721 4712">
    <p class='ocr_par' dir='ltr' id='par_1_9' title="bbox 324 4507 1721 4712">
     <span class='ocr_line' id='line_1_35' title="bbox 324 4507 1718 4608; baseline -0.009 -23"><span class='ocrx_word' id='word_1_381' title='bbox 324 4533 395 4608; x_wconf 88' lang='lat' dir='ltr'><strong>post</strong></span> <span class='ocrx_word' id='word_1_382' title='bbox 408 4517 522 4584; x_wconf 83' lang='lat' dir='ltr'><strong>festum</strong></span> <span class='ocrx_word' id='word_1_383' title='bbox 535 4515 643 4583; x_wconf 78' lang='lat' dir='ltr'><strong>Sancti</strong></span> <span class='ocrx_word' id='word_1_384' title='bbox 660 4516 769 4582; x_wconf 85' lang='lat' dir='ltr'><strong>Devid</strong></span> <span class='ocrx_word' id='word_1_385' title='bbox 783 4515 922 4604; x_wconf 90' lang='lat' dir='ltr'><strong>episcopi</strong></span> <span class='ocrx_word' id='word_1_386' title='bbox 934 4517 974 4581; x_wconf 83' lang='lat' dir='ltr'><strong>ed</strong></span> <span class='ocrx_word' id='word_1_387' title='bbox 988 4530 1065 4582; x_wconf 91' lang='lat' dir='ltr'><strong>tunc</strong></span> <span class='ocrx_word' id='word_1_388' title='bbox 1080 4515 1226 4604; x_wconf 85' lang='lat' dir='ltr'><strong>proxime</strong></span> <span class='ocrx_word' id='word_1_389' title='bbox 1241 4538 1372 4601; x_wconf 90' lang='lat' dir='ltr'><strong>sequens</strong></span> <span class='ocrx_word' id='word_1_390' title='bbox 1387 4523 1554 4601; x_wconf 86' lang='lat' dir='ltr'><strong>prorogato</strong></span> <span class='ocrx_word' id='word_1_391' title='bbox 1569 4521 1602 4575; x_wconf 88' lang='lat' dir='ltr'><strong>et</strong></span> <span class='ocrx_word' id='word_1_392' title='bbox 1617 4507 1718 4574; x_wconf 92' lang='lat' dir='ltr'><strong>conti-</strong></span> 
     </span>
     <span class='ocr_line' id='line_1_36' title="bbox 960 4629 1721 4712; baseline -0.017 -21"><span class='ocrx_word' id='word_1_393' title='bbox 960 4647 982 4712; x_wconf 63' lang='grc' dir='ltr'><strong>ς</strong></span> <span class='ocrx_word' id='word_1_394' title='bbox 1005 4644 1022 4690; x_wconf 85' lang='lat'><em>2</em></span> <span class='ocrx_word' id='word_1_395' title='bbox 1625 4629 1721 4680; x_wconf 81' lang='lat' dir='ltr'><strong>nuato</strong></span> 
     </span>
    </p>
   </div>
   <div class='ocr_carea' id='block_1_8' title="bbox 0 0 2188 5408">
    <p class='ocr_par' dir='ltr' id='par_1_10' title="bbox 0 0 2188 5408">
     <span class='ocr_line' id='line_1_37' title="bbox 0 0 2188 5408; baseline 0 0"><span class='ocrx_word' id='word_1_396' title='bbox 0 0 2188 5408; x_wconf 95' lang='lat' dir='ltr'><strong> </strong></span> 
     </span>
    </p>
   </div>
  </div>
 </body>
</html>
