4284 5412
946 632 991 704 25

890 899 1040 973 XVIII.

658 1085 760 1160 bertr
779 1085 812 1158 tu
830 1087 974 1177 perunte
993 1085 1116 1170 §aaut
1133 1086 1269 1162 ficunt.

333 1276 429 1343 (liant
443 1287 599 1363 presentes
618 1287 650 1338 et
663 1272 761 1338 futuri
777 1271 862 1358 quod
876 1297 936 1361 ego
951 1273 1163 1361 Baldewynus
1178 1273 1294 1339 Geram
1310 1271 1383 1338 dedi
1403 1271 1540 1338 concessi
1555 1272 1660 1338 etheo

353 1381 491 1471 presenti
514 1393 599 1445 carta
621 1402 691 1444 mea
713 1377 895 1445 confirmavi
910 1378 981 1444 Deo
1004 1392 1037 1444 et
1060 1379 1169 1444 domui
1189 1379 1342 1445 Omnium
1362 1378 1546 1444 Sanctorum
1565 1379 1661 1464 juxta

270 1489 390 1556 Dublin
405 1501 438 1553 et
451 1487 609 1553 canonicis
623 1487 743 1552 ibidem
758 1485 828 1551 Deo
843 1486 1052 1552 servientibus
1069 1525 1075 1538 ·
1091 1511 1148 1574 pro
1163 1486 1262 1552 salute
1278 1485 1382 1551 anime
1397 1509 1466 1551 mee
1480 1485 1515 1549 in
1530 1484 1660 1551 liberam

270 1611 300 1662 et
309 1609 493 1685 perpetuam
507 1593 708 1660 elemosinam
720 1594 877 1680 quandam
888 1608 1001 1659 terram
1013 1619 1117 1660 meam
1126 1594 1159 1658 in
1175 1594 1326 1661 suburbio
1336 1593 1458 1659 Dublin
1469 1593 1503 1656 in
1515 1591 1662 1680 parochie

272 1703 376 1770 Sancti
391 1702 520 1767 Andree
537 1740 544 1754 ·
560 1701 647 1767 illam
670 1701 820 1768 videlicet
842 1726 903 1788 que
918 1703 1005 1789 jacet
1025 1703 1107 1768 inter
1130 1717 1244 1768 terram
1266 1700 1402 1768 Walteri
1428 1700 1605 1788 Kingesson
1629 1713 1661 1764 et

268 1823 380 1875 terram
396 1832 498 1874 meam
512 1821 544 1873 et
558 1808 699 1874 continet
709 1807 742 1872 in
757 1807 924 1874 latitudine
939 1807 1059 1874 sexcies
1074 1808 1190 1898 viginti
1205 1823 1237 1874 et
1251 1808 1361 1874 decem
1375 1807 1471 1896 pedes
1488 1843 1494 1858 ·
1509 1807 1544 1871 in
1559 1805 1660 1894 longi-

268 1914 377 1979 tudine
397 1911 543 1978 extendit
557 1911 676 1977 sexcies
690 1910 806 1998 viginti
821 1927 853 1977 et
868 1912 975 1978 decem
991 1913 1086 2000 pedes
1102 1952 1109 1966 ·
1125 1914 1302 1980 habendam
1317 1927 1348 1980 et
1363 1915 1530 1980 tenendam
1545 1914 1661 1980 dictam

268 2033 381 2086 terram
396 2042 469 2085 curn
484 2017 615 2084 edificiis
630 2017 693 2082 suis
704 2033 736 2083 et
747 2018 891 2084 omnibus
907 2018 1108 2106 pertinenciis
1122 2020 1181 2087 sibi
1196 2035 1229 2087 et
1239 2021 1465 2087 successoribus
1479 2020 1542 2086 suis
1558 2020 1597 2086 de
1611 2045 1662 2086 me

269 2141 301 2192 et
309 2126 478 2192 heredibus
493 2125 570 2190 meis
582 2124 679 2190 libere
694 2137 726 2190 et
741 2127 846 2210 quiete
860 2125 982 2214 integre
997 2140 1029 2192 et
1043 2127 1182 2214 plenarie
1200 2166 1206 2179 ·
1222 2125 1397 2192 Reddendo
1411 2126 1485 2192 inde
1501 2126 1662 2192 annuatim

268 2234 328 2322 ipsi
343 2247 376 2299 et
389 2256 577 2300 successores
592 2231 639 2297 sui
651 2231 748 2297 michi
763 2247 796 2298 et
810 2233 977 2298 heredibus
992 2234 1070 2299 meis
1085 2257 1184 2298 unum
1199 2257 1254 2322 par
1269 2232 1409 2298 albarum
1424 2231 1662 2319 cyrothecarum

270 2343 321 2409 vel
332 2367 430 2407 unum
446 2341 609 2406 denarium
625 2341 665 2406 ed
680 2341 801 2406 Pascha
813 2379 819 2392 ·
832 2354 865 2406 et
878 2340 1042 2406 Willelmo
1054 2340 1145 2407 Colet
1156 2354 1188 2406 et
1202 2339 1369 2405 heredibus
1384 2337 1447 2403 suis
1462 2336 1512 2403 vel
1527 2337 1663 2424 assigna-

268 2448 307 2514 tis
322 2473 379 2514 sex
388 2447 531 2514 denarios
545 2447 585 2512 ad
600 2447 678 2512 duos
693 2447 841 2512 terminos
855 2447 930 2512 anni
943 2485 950 2498 ·
963 2447 1164 2513 medietatem
1176 2447 1215 2512 ad
1227 2445 1347 2511 Pascha
1357 2459 1390 2511 et
1401 2445 1528 2510 alteram
1543 2443 1661 2509 medie-

268 2569 365 2622 tatem
380 2555 421 2621 ad
435 2555 548 2621 festum
560 2554 667 2621 Sancti
683 2555 849 2621 Michaelis
864 2579 921 2644 pro
937 2555 1022 2620 omni
1038 2555 1169 2621 servicio
1184 2553 1348 2620 exactione
1363 2566 1395 2617 et
1409 2549 1563 2616 demanda
1575 2575 1662 2616 secu-

269 2659 327 2725 lari
342 2661 496 2744 rebusque
511 2657 642 2724 cunctis.

333 2765 406 2854 Ego
420 2788 495 2830 vero
510 2764 722 2852 Baldewynus
742 2775 774 2828 et
788 2763 918 2829 heredes
933 2763 997 2829 mei
1011 2763 1184 2852 predictam
1198 2779 1312 2832 terram
1332 2766 1413 2832 sicut
1427 2767 1604 2854 predictum
1618 2782 1665 2834 est

268 2872 396 2961 prefatis
410 2871 567 2938 canonicis
581 2889 736 2938 eteorum
756 2872 982 2938 successoribus
1002 2887 1110 2938 contra
1124 2897 1231 2938 omnes
1246 2874 1388 2940 homines
1406 2887 1439 2939 et
1452 2874 1582 2940 feminas
1597 2875 1663 2964 ple-

268 2976 355 3042 narie
370 2976 640 3042 warentirabimus
654 2976 689 3042 in
700 2993 897 3066 perpetuum.
941 2979 985 3044 Et
995 2992 1032 3044 ut
1041 2980 1101 3046 hec
1112 3003 1182 3046 mea
1192 2981 1324 3046 donacio
1339 2981 1495 3047 concessio
1510 2993 1542 3047 et
1552 2982 1663 3048 confir-

268 3082 371 3148 macio
385 3082 476 3149 firma
499 3096 531 3149 et
550 3084 668 3150 stabilis
684 3099 864 3172 permaneat
884 3087 917 3151 in
940 3102 1126 3176 perpetuum
1145 3101 1320 3175 presentem
1344 3102 1460 3154 cartam
1484 3089 1578 3178 sigilli
1602 3091 1664 3157 mei

268 3188 471 3277 impressione
486 3192 639 3257 roboravi.
684 3191 757 3258 Hiis
772 3195 902 3260 testibus
916 3235 922 3246 ·
935 3195 1072 3262 Ricardo
1083 3196 1163 3262 Olof
1172 3211 1248 3262 tunc
1259 3197 1376 3282 majore
1389 3196 1511 3263 Dublin
1522 3237 1528 3248 ·
1540 3197 1664 3264 Thema

268 3297 307 3363 de
322 3297 547 3384 Wynchestria
563 3338 570 3351 ·
587 3301 712 3388 Rogero
737 3299 776 3366 de
796 3303 974 3370 Assebome
993 3317 1069 3369 tnnc
1093 3305 1257 3392 prepositis
1271 3343 1277 3356 ·
1289 3304 1362 3370 Elia
1377 3303 1473 3370 Burel
1490 3342 1497 3355 ·
1514 3302 1663 3392 Philippo

270 3401 308 3467 de
324 3401 385 3467 Bel
401 3440 408 3454 ·
425 3401 594 3492 Radulpho
617 3405 657 3470 de
681 3404 848 3473 Lincolnia
864 3445 871 3459 ·
887 3408 982 3472 Petro
1003 3409 1144 3474 Abraam
1161 3408 1348 3476 ·Willelmo
1374 3410 1487 3477 clerico
1507 3411 1643 3477 civitatis
1663 3451 1669 3464 ·

270 3509 442 3600 Radulpho
457 3511 496 3578 de
513 3512 644 3603 Strigoil
658 3526 690 3580 et
704 3514 811 3580 multis
827 3515 903 3582 aliis.

913 3827 1024 3899 XIX.

799 4013 845 4085 In
863 4015 967 4085 taurin
985 4012 1139 4103 psnrtts.

338 4196 434 4264 (liant
456 4209 613 4285 presentes
636 4210 669 4264 et
683 4197 782 4264 futuri
802 4199 887 4286 quod
910 4223 969 4288 ego
984 4199 1006 4266 J
1007 4199 1145 4265 ohannes
1161 4197 1308 4287 Thurgot
1322 4197 1396 4265 dedi
1411 4197 1548 4266 concessi
1562 4213 1594 4265 et
1608 4199 1666 4265 hac

359 4303 496 4392 presenti
519 4317 603 4371 certa
627 4329 698 4371 mea
719 4305 904 4372 confirmavi
925 4305 1049 4372 Decet
1071 4303 1179 4370 domui
1194 4303 1349 4370 Omnium
1366 4305 1550 4372 Sanctorum
1569 4305 1666 4391 juxta

272 4409 394 4476 Dublin
409 4423 441 4476 et
452 4411 608 4476 canonicis
622 4410 743 4478 ibidem
757 4413 827 4480 Deo
842 4411 1049 4480 servientibus
1066 4450 1073 4463 ·
1089 4435 1146 4501 pro
1165 4411 1264 4478 salute
1284 4411 1387 4478 anime
1401 4435 1471 4478 mee
1485 4425 1518 4478 et
1531 4424 1667 4478 anteces-

315 4535 407 4580 mrsrr
423 4535 519 4581 Iron.
536 4535 600 4581 soc.
622 4537 669 4582 ro.
961 4517 990 4581 Ε
1561 4541 1665 4583 sorum
