4284 5412
969 629 990 704 ³

282 800 315 852 et
328 799 470 852 extreme
484 784 639 850 voluntati
654 783 709 871 qui
729 808 761 851 se
776 784 841 852 illio
860 786 984 874 sepeliri
999 786 1240 856 deliberaverint
1257 826 1263 840 ·
1279 788 1339 856 nisi
1353 789 1432 856 forte
1455 790 1672 857 excommuni-

282 891 344 958 cati
359 891 411 957 vel
421 890 580 958 interdicti
593 904 647 956 aut
657 889 783 979 publice
798 891 930 958 usurarii
944 892 1007 960 sint
1023 931 1030 946 ·
1046 893 1151 960 nullus
1166 894 1303 960 obsistat.
1328 894 1421 961 Salva
1431 911 1535 961 tamen
1547 895 1674 984 justicia

281 999 405 1064 illenim
420 998 619 1066 ecclesiarum
634 1023 652 1065 a
667 1000 781 1086 quibus
795 1013 988 1066 mortuorum
1000 1025 1131 1090 corpora
1146 1014 1353 1068 assumuntur.
1371 1002 1518 1068 Decimae
1532 1016 1672 1091 preterea

282 1119 313 1174 et
327 1105 531 1192 possessiones
550 1104 654 1190 adjus
668 1103 868 1172 ecclesiarum
883 1117 1055 1171 vestrarum
1070 1118 1244 1192 spectantes
1260 1142 1267 1156 ·
1284 1127 1345 1190 que
1360 1128 1378 1170 a
1391 1104 1478 1171 laicis
1493 1105 1672 1172 detinentur

283 1210 457 1277 redimendi
471 1225 504 1277 et
514 1209 654 1298 legitime
669 1209 823 1276 liberandi
839 1211 877 1276 de
889 1210 1034 1276 manibus
1049 1235 1157 1277 eorum
1174 1249 1181 1262 ·
1196 1225 1229 1276 et
1243 1209 1283 1276 ad
1297 1210 1441 1278 ecclesias
1455 1211 1495 1278 ad
1510 1236 1586 1298 quas
1600 1237 1669 1301 per·

283 1317 385 1383 tinent
399 1315 566 1382 revocandi
581 1315 678 1381 libera
692 1315 732 1380 sit
746 1315 836 1381 vobis
850 1315 889 1381 de
900 1330 1005 1381 nostra
1020 1317 1202 1383 auctoritate
1216 1315 1355 1382 facultas.

347 1413 494 1491 Obeunte
509 1447 584 1489 vero
598 1437 630 1488 te
644 1447 729 1488 nunc
744 1423 884 1508 ejusdem
899 1423 959 1488 loci
975 1424 1083 1489 Priore
1098 1424 1150 1490 vel
1165 1439 1290 1490 tuorum
1306 1421 1447 1511 quolibet
1461 1447 1670 1493 successorum

281 1529 385 1595 nullus
396 1529 441 1596 ibi
450 1529 590 1616 qualibet
600 1531 806 1618 surrepcionis
817 1531 934 1598 astucia
944 1555 999 1598 scu
1009 1532 1165 1600 violencia
1173 1545 1362 1621 preponatur
1372 1569 1379 1586 ·
1389 1531 1448 1596 nisi
1461 1555 1552 1618 quem
1563 1533 1670 1598 fratres

282 1634 441 1702 communi
456 1659 607 1702 consensu
627 1637 679 1702 vel
692 1636 823 1702 fratrum
845 1638 945 1724 major
958 1663 1028 1726 pars
1047 1639 1169 1706 consilii
1184 1638 1312 1704 sanioris
1333 1638 1505 1706 secundum
1520 1637 1625 1703 Deum
1640 1651 1673 1704 et

283 1740 365 1806 beati
380 1740 554 1828 Augustini
569 1741 709 1829 regulam
724 1742 920 1830 providerint
933 1743 1125 1830 eligendum.
1170 1745 1245 1811 Paci
1261 1768 1386 1831 quoque
1408 1758 1440 1809 et
1453 1745 1672 1831 tranquillitati

282 1861 382 1912 vestre
397 1861 525 1934 paterna
539 1846 741 1934 inposterum
753 1849 963 1916 sollicitudine
978 1849 1142 1937 providere
1154 1851 1293 1916 volentes
1308 1850 1490 1917 auctoritate
1505 1852 1674 1939 apostolica

282 1957 481 2046 prohibemus
502 1969 539 2022 ut
552 1956 635 2022 infra
656 1957 812 2022 clausuras
826 1956 966 2022 locorum
989 1981 1044 2024 seu
1058 1957 1259 2046 grangiarum
1278 1971 1450 2023 vestrarum
1470 1957 1575 2024 nullus
1589 1957 1671 2046 rapi-

283 2089 354 2130 nam
368 2087 424 2130 seu
434 2063 551 2129 furtum
563 2064 664 2130 facere
680 2102 687 2116 ·
703 2064 810 2153 ignem
826 2089 981 2153 apponere
998 2103 1005 2116 ·
1021 2066 1205 2154 sanguinem
1217 2065 1347 2132 fundere
1360 2104 1367 2117 ·
1383 2065 1543 2131 hominem
1555 2079 1671 2132 temere

283 2191 391 2255 capere
402 2168 453 2234 vel
464 2167 639 2233 interlicere
650 2205 657 2218 ·
667 2190 721 2232 seu
731 2167 918 2234 violenciam
930 2169 1044 2236 audeat
1051 2194 1225 2238 excercere.
1243 2171 1449 2237 Decernimus
1460 2195 1534 2260 ergo
1545 2184 1582 2236 ut
1593 2173 1672 2238 nulli

284 2275 409 2342 omnino
420 2275 584 2340 hominum
593 2273 686 2339 liceat
701 2272 852 2361 prefatam
866 2274 1027 2341 ecclesiam
1036 2287 1152 2342 temere
1167 2277 1347 2364 perturbare
1362 2289 1417 2342 aut
1425 2277 1492 2363 ejus
1507 2277 1669 2364 possessio·

283 2407 336 2449 nes
350 2382 469 2449 auferre
481 2420 487 2434 ·
498 2381 549 2446 vel
559 2381 676 2447 ablatas
690 2379 825 2446 retinere
836 2416 843 2431 ·
853 2378 994 2446 minuere
1011 2403 1066 2445 seu
1081 2379 1273 2465 quibuslibet
1286 2379 1512 2446 vexacionibus
1522 2380 1651 2470 fatigare
1663 2421 1669 2432 ·

284 2489 336 2554 sed
351 2488 456 2554 omnia
470 2486 593 2574 integra
611 2497 834 2551 conserventur
848 2506 956 2550 eorum
978 2508 1035 2571 pro
1053 2487 1220 2570 quo[rum]
1237 2483 1467 2573 gubernacione
1482 2507 1537 2550 seu
1553 2499 1671 2551 susten-

284 2595 402 2660 tacione
417 2615 561 2659 concessa
582 2603 655 2656 sunt
668 2589 776 2656 usibus
790 2586 978 2654 omnimodis
998 2587 1168 2675 profutura.
1203 2589 1296 2656 Salva
1314 2589 1396 2656 sedis
1410 2588 1576 2677 apostolice
1600 2615 1672 2657 auc·
1727 2635 1730 2642 ·

283 2701 405 2766 toritate
420 2711 452 2765 et
466 2696 622 2764 diocesani
637 2694 776 2784 episcopi
790 2694 940 2760 canonica
949 2694 1085 2779 justicia.

348 2807 383 2873 Si
398 2830 460 2892 qua
473 2803 571 2894 igitur
585 2801 619 2868 in
629 2803 771 2867 futurum
782 2799 990 2867 ecclesiastica
1003 2800 1187 2867 secularisve
1201 2823 1332 2889 persona
1345 2801 1426 2868 banc
1440 2815 1543 2868 nostre
1557 2803 1671 2870 consti·

284 2911 414 2978 tucionis
425 2910 572 2998 peginam
587 2907 687 2974 sciens
697 2921 806 2973 contra
819 2929 888 2970 eam
898 2917 1014 2971 temere
1029 2906 1136 2972 venire
1150 2907 1367 2994 temptaverit·
1383 2908 1521 2975 secundo
1535 2911 1670 2976 terciove

285 3016 472 3084 commonita
485 3015 546 3080 nisi
560 3029 681 3080 reatum
700 3037 792 3078 sunm
812 3035 951 3100 congrua
970 3012 1176 3078 satisfactione
1195 3013 1366 3080 correxerit
1379 3053 1385 3066 ·
1397 3016 1558 3102 potestatis
1572 3015 1670 3082 hono-

285 3127 384 3213 risque
400 3125 481 3212 [sui]
497 3137 600 3191 careat
614 3124 767 3213 dignitate
784 3161 791 3174 ·
807 3146 955 3209 reamque
976 3147 1008 3189 se
1024 3123 1132 3190 divino
1142 3125 1265 3211 judicio
1287 3125 1422 3192 existere
1437 3126 1477 3192 de
1496 3139 1671 3214 perpetrata

285 3233 448 3321 iniquitate
473 3243 640 3318 cognoscat
664 3242 725 3293 -et
748 3253 767 3293 a
791 3227 996 3293 sacratissimo
1025 3252 1153 3316 corpore
1179 3243 1211 3295 et
1233 3229 1384 3320 sanguine
1402 3228 1464 3295 Dei
1487 3243 1519 3294 et
1539 3229 1669 3295 Domini

284 3342 485 3433 redemptoris
498 3340 710 3407 nostridhesu
720 3338 838 3407 Christi
853 3338 1020 3405 alienafiat
1036 3377 1043 3390 ·
1059 3351 1152 3424 atque
1166 3338 1200 3402 in
1215 3352 1356 3405 extremo
1371 3338 1516 3403 examine
1531 3337 1669 3405 districte

285 3453 439 3538 subjaceat
463 3448 586 3514 ultioni.
630 3447 762 3514 Cunctis
792 3461 896 3512 autern
925 3445 1028 3510 eidem
1052 3444 1122 3511 loco
1150 3467 1206 3510 sua
1224 3445 1297 3530 jura
1321 3443 1515 3510 servantibus
1543 3444 1584 3508 sit
1606 3468 1670 3532 pax

285 3557 400 3623 domini
416 3555 512 3621 nostri
524 3555 624 3621 Jhesu
634 3554 754 3621 Christi
765 3593 772 3607 ·
785 3553 930 3640 quatinus
943 3567 975 3618 ct
985 3553 1037 3618 hic
1048 3552 1185 3618 fructum
1195 3554 1277 3619 bone
1293 3552 1422 3619 sotionis
1436 3551 1611 3640 percipiant
1622 3591 1628 3604 ·
1638 3565 1671 3618 et

287 3663 367 3750 apud
383 3661 559 3727 districtum
569 3659 712 3745 judicem
729 3658 849 3747 premia
870 3673 976 3724 eterne
998 3656 1084 3746 pacis
1097 3657 1260 3723 inveniant
1276 3695 1282 3708 ·
1299 3681 1399 3723 amen.
1420 3657 1538 3722 Datum
1550 3657 1670 3745 Spoleti

287 3763 618 3854 manumet
645 3763 778 3852 septimo
802 3763 1002 3829 calendarum
1019 3761 1209 3850 Septembris
1225 3801 1231 3814 ·
1249 3762 1425 3828 Indictione
1440 3762 1493 3827 vii.
1524 3763 1670 3829 Incarna.

288 3873 381 3939 cionis
396 3870 554 3938 dominice
577 3893 659 3936 anno
686 3868 851 3934 millesimo
874 3866 1017 3954 ccxxiiij.
1035 3867 1223 3955 [ccxxxiiij]
1240 3867 1444 3934 Pontificatns
1469 3867 1566 3933 nostri
1589 3892 1671 3934 anno

289 3995 404 4047 octavo.
