4284 5412
1134 619 1180 711 76

531 802 602 890 Ego
617 823 691 867 vero
705 811 738 865 et
750 798 879 864 heredes
894 797 956 862 mei
971 797 1063 864 dictis
1077 796 1180 863 Priori
1194 812 1227 864 et
1240 799 1408 865 conventui
1422 799 1474 867 rel
1488 823 1596 866 eorum
1611 797 1772 886 assignatis
1786 796 1851 861 dic-

468 921 532 974 tam
543 921 656 974 terram
671 930 743 972 cum
757 902 957 992 pertinenciis
972 915 1079 970 contra
1093 925 1200 968 omnes
1210 917 1318 991 gentes
1327 903 1529 970 defendemus
1542 917 1575 969 et
1585 901 1854 969 warentizsbimus

468 1016 501 1081 in
516 1030 701 1103 perpetuum
716 1037 771 1100 per
785 1011 962 1099 predictum
976 1009 1151 1076 servicium.

532 1121 577 1184 Et
598 1135 635 1183 ut
657 1119 716 1184 hec
740 1141 810 1182 mea
828 1115 960 1181 donacio
984 1113 1140 1180 concessio
1163 1126 1196 1178 et
1217 1127 1301 1179 carte
1324 1113 1522 1181 confirmacio
1536 1125 1686 1201 perpetue
1700 1111 1855 1178 firmitatis

469 1228 563 1291 robur
577 1226 739 1313 optineant
752 1235 927 1311 presentem
941 1235 1056 1288 cartem
1071 1221 1167 1310 sigilli
1181 1221 1243 1287 mei
1258 1221 1431 1286 munimine
1445 1220 1597 1286 roboravi.
1621 1219 1694 1284 Hiis
1704 1217 1834 1284 testibus
1848 1255 1854 1267 ·

471 1331 604 1396 dominis
620 1331 758 1416 Hugone
774 1328 883 1416 Tyrell
899 1366 906 1378 ·
923 1327 1066 1394 Gslfrido
1080 1327 1120 1392 de
1135 1327 1287 1415 Appelby
1303 1365 1310 1378 ·
1326 1327 1462 1392 Ricardo
1473 1326 1512 1391 de
1526 1326 1689 1390 Wdetoun
1705 1363 1712 1374 ·
1728 1322 1855 1388 Adada

470 1434 638 1500 Ledewich
652 1472 658 1484 ·
671 1433 806 1498 Ricardo
818 1431 926 1520 Tyrell
943 1470 949 1484 ·
966 1431 1123 1498 Herberto
1134 1432 1174 1497 de
1188 1432 1220 1497 la
1230 1430 1333 1498 Marte
1350 1471 1356 1484 ·
1373 1432 1467 1498 Petro
1478 1433 1517 1498 de
1529 1431 1633 1498 Culck
1650 1470 1656 1482 ·
1670 1429 1804 1496 Ricardo
1815 1429 1855 1494 de

471 1541 653 1605 Luddelane
668 1539 779 1606 clerieo
794 1550 827 1604 et
841 1538 917 1604 aliis.

1051 1752 1275 1826 LXXXVI.

735 1937 960 2028 stertente
977 1938 1017 2010 u.
1036 1943 1298 2012 manutentum
1315 1952 1400 2014 tsrtu
1417 1942 1590 2033 ptttstrttt

562 2125 691 2190 Mnibus
706 2124 746 2189 ad
761 2149 838 2210 quos
853 2150 977 2213 presens
1000 2139 1084 2192 curte
1097 2129 1275 2215 pervenerit
1288 2129 1362 2195 Ada
1376 2130 1415 2195 de
1427 2129 1606 2218 Ledwyche
1630 2129 1768 2197 salutem.
1792 2129 1856 2194 No-

582 2231 662 2297 verit
676 2231 860 2296 universitas
874 2247 976 2296 vestra
989 2255 1039 2296 me
1051 2231 1171 2297 dedisse
1186 2232 1369 2298 concessisse
1383 2245 1415 2298 et
1429 2233 1572 2318 quietum
1586 2233 1731 2298 clamasse
1743 2233 1811 2299 Deo
1826 2247 1858 2298 et

472 2341 561 2406 beate
577 2339 678 2406 Maris
690 2338 792 2403 Priori
807 2351 839 2404 et
853 2339 1023 2405 conventui
1038 2338 1190 2404 Omnium
1207 2339 1392 2405 Sanctorum
1401 2340 1498 2425 juxta
1512 2339 1634 2406 Dublin
1647 2354 1748 2406 toturn
1759 2339 1859 2425 juset

473 2444 620 2509 clamium
635 2443 720 2528 quod
733 2441 830 2507 habui
845 2441 895 2508 vel
915 2442 1029 2508 habere
1049 2443 1138 2529 potui
1156 2443 1191 2507 in
1213 2467 1270 2509 sex
1292 2445 1435 2510 marcetis
1458 2445 1577 2533 argenti
1602 2447 1698 2512 annui
1720 2447 1859 2513 redditus

474 2576 549 2639 quas
572 2551 634 2617 emi
655 2550 693 2616 de
713 2549 734 2614 J
736 2548 857 2613 chenne
871 2548 901 2613 le
916 2548 1013 2636 Petyt
1036 2562 1069 2613 et
1081 2547 1180 2613 Alina
1192 2571 1292 2613 uxore
1307 2548 1412 2614 suade
1426 2549 1551 2614 redditu
1566 2549 1604 2614 de
1619 2550 1810 2639 leynegros
1824 2551 1859 2616 ir'r

473 2672 651 2725 tenemento
673 2656 712 2721 de
728 2653 909 2743 Moytesths
925 2693 932 2704 ·
949 2654 1153 2740 quasquidem
1172 2653 1274 2718 dictus
1294 2654 1384 2719 Prior
1406 2668 1438 2720 et
1460 2667 1631 2721 conventus
1645 2657 1784 2742 ejusdem
1798 2657 1859 2723 loci

474 2768 614 2834 solebant
633 2764 752 2830 solvere
767 2763 851 2828 dioto
866 2761 1005 2828 Johsnni
1025 2775 1057 2827 et
1070 2761 1168 2826 Aline
1187 2761 1280 2825 uxori
1300 2785 1354 2828 sue
1369 2761 1409 2825 de
1427 2759 1568 2849 predicta
1585 2773 1667 2825 terra
1681 2761 1720 2826 de
1735 2761 1859 2826 Baline-

475 2896 554 2959 gros.
599 2869 684 2936 Volo
699 2867 798 2933 eciam
813 2866 898 2952 quod
911 2890 970 2933 neo
989 2889 1047 2954 ego
1067 2864 1174 2930 Adam
1193 2889 1251 2930 nec
1271 2865 1383 2952 aliquis
1396 2863 1547 2931 heredum
1566 2889 1706 2930 meorum
1721 2865 1755 2930 in
1769 2865 1860 2932 dictis

474 3002 531 3042 sex
546 2973 689 3040 mareotis
700 2972 739 3037 de
753 2986 855 3038 cetero
869 2972 969 3038 ullum
984 2973 1150 3038 clamorem
1164 2972 1279 3038 habere
1293 2972 1471 3060 poterimus.

540 3080 602 3143 Pro
616 3078 675 3142 hsc
698 3088 804 3142 autem
827 3100 898 3141 mea
917 3074 1088 3141 donacione
1111 3075 1308 3141 concessione
1334 3089 1366 3142 et
1388 3075 1493 3161 quieta
1518 3075 1706 3142 olamaoione
1729 3077 1862 3165 predicti

477 3186 567 3251 Prior
581 3199 614 3251 et
628 3196 800 3250 conventus
814 3182 954 3269 ejusdem
968 3182 1029 3248 loci
1052 3181 1280 3270 quinquaginta
1302 3206 1419 3248 marcas
1439 3182 1519 3247 milri
1533 3207 1587 3270 pre
1609 3183 1754 3249 manibus
1768 3184 1860 3249 dede·

476 3304 558 3354 runt.
602 3289 647 3354 Et
661 3289 701 3354 ad
711 3290 861 3375 majorem
874 3289 969 3375 hujus
983 3287 1027 3354 rei
1043 3289 1238 3355 securitatem
1253 3301 1428 3378 presentem
1443 3301 1558 3354 cartam
1573 3288 1668 3377 sigilli
1682 3289 1744 3356 mei
1759 3289 1861 3355 muni-

477 3395 560 3462 mine
575 3395 781 3462 corroboravi.
826 3395 898 3460 Hiis
909 3395 1039 3461 testibus
1051 3434 1058 3446 ·
1071 3395 1214 3461 Galfrido
1225 3396 1264 3462 de
1273 3395 1424 3484 Appelby
1437 3435 1443 3446 ·
1456 3397 1592 3484 Magano
1604 3395 1738 3462 Dullsrd
1751 3435 1756 3446 ·
1770 3397 1862 3462 Petro

478 3501 517 3566 de
543 3501 656 3567 Sancto
680 3500 872 3588 Leodegario
889 3539 895 3551 ·
912 3498 1046 3566 Ricardo
1070 3499 1109 3564 de
1135 3498 1297 3566 Ludelone
1314 3538 1321 3550 ·
1336 3499 1480 3565 Johsnne
1496 3500 1535 3566 de
1555 3501 1665 3590 Feypo
1681 3541 1687 3552 ·
1704 3503 1798 3568 Petro
1824 3501 1862 3566 de

480 3604 588 3692 Kulog
601 3619 633 3669 et
647 3603 715 3670 aliis
729 3603 844 3668 multis.

1049 3820 1292 3894 LXXXVII.

810 4005 867 4079 lt
883 4005 1000 4078 uttttu
1018 4005 1052 4078 tu
1067 4005 1146 4080 stlta
1161 4010 1197 4079 tt
1213 3951 1341 4096 fluns
1359 4008 1392 4079 tn
1409 4003 1527 4102 gerunt.

575 4193 674 4261 Otum
688 4191 729 4257 sit
741 4192 935 4280 presentibus
946 4206 979 4262 at
991 4194 1103 4260 futuris
1118 4193 1202 4280 quod
1212 4217 1271 4282 ego
1280 4193 1440 4260 Galfridus
1451 4193 1490 4259 de
1501 4192 1576 4258 Bois
1586 4193 1715 4261 clericus
1729 4196 1862 4264 civitatis

597 4297 719 4365 Dublin
733 4297 807 4364 dedi
821 4298 958 4366 concessi
972 4313 1004 4366 et
1017 4301 1076 4367 hac
1096 4299 1231 4388 presenti
1251 4311 1335 4366 carta
1352 4321 1422 4366 mes
1444 4298 1625 4366 confirmavi
1643 4301 1771 4370 ecclesie
1787 4305 1863 4370 Orn-

481 4413 570 4478 nium
583 4409 767 4476 Sanctorum
776 4405 873 4492 juxta
886 4408 1008 4476 Dublin
1019 4421 1052 4476 et
1064 4408 1205 4496 ejusdem
1225 4407 1286 4474 loci
1301 4407 1457 4475 canonicis
1473 4445 1480 4459 ·
1495 4431 1552 4496 pro
1567 4407 1665 4476 salute
1679 4410 1781 4477 anime
1795 4435 1864 4477 mee

1833 4529 1865 4583 et
