4284 5412
1008 622 1052 697 23

981 871 1070 942 XV.

332 1052 439 1125 batte
458 1055 493 1145 tt.
509 1069 740 1131 atterutrum
757 1055 963 1129 tunetuuto
982 1057 1015 1129 iu
1033 1055 1061 1129 Is
1072 1056 1184 1146 Setina
1202 1075 1271 1132 run
1282 1059 1409 1132 tettuts
1426 1071 1454 1131 tt
1472 1059 1720 1135 obtrnrtrnstus.

417 1241 547 1308 Mnibus
563 1243 680 1310 Christi
695 1244 840 1311 fidelibus
863 1246 919 1311 has
941 1244 1045 1311 literas
1068 1246 1253 1334 inspecturis
1277 1245 1479 1313 Theobaldus
1493 1247 1627 1313 Walteri
1650 1249 1720 1337 pin-

430 1374 524 1416 cerna
538 1351 692 1418 Hibernie
708 1353 883 1440 sa[lutem].
927 1352 1061 1419 Noverit
1074 1353 1260 1420 universitas
1274 1367 1376 1419 vestra
1393 1379 1445 1420 me
1460 1354 1580 1420 dedisse
1595 1378 1719 1421 conces-

329 1452 399 1518 sisse
414 1469 447 1518 et
460 1454 519 1520 hac
538 1469 623 1520 carta
642 1479 711 1521 mea
725 1457 861 1544 presenti
876 1456 1071 1523 confirmasse
1086 1458 1158 1523 Deo
1178 1471 1210 1524 et
1223 1458 1352 1526 ecclesie
1369 1459 1521 1526 Omnium
1536 1461 1720 1527 Sanctorum

326 1562 418 1645 juxte
432 1561 555 1627 Dublin
570 1575 602 1628 et
616 1562 773 1629 canonicis
795 1563 914 1628 ibidem'
929 1561 999 1628 Deo
1025 1562 1231 1629 servientibus
1248 1602 1254 1615 ·
1270 1587 1327 1652 pro
1347 1565 1445 1631 salute
1468 1565 1571 1632 anime
1595 1589 1663 1632 mee
1687 1583 1719 1632 et

330 1682 553 1734 antecessorum
564 1683 596 1734 et
604 1693 813 1734 suceessorum
824 1691 964 1734 meorum
975 1681 1007 1732 et
1018 1667 1158 1732 omniurn
1167 1667 1308 1734 fidelium
1317 1667 1535 1735 defunctorum
1547 1670 1718 1755 ·quandam

329 1790 446 1862 partem
462 1789 542 1840 terre
562 1797 631 1839 mee
652 1773 691 1840 de
708 1773 818 1840 Steinn
834 1797 894 1858 que
910 1773 996 1858 jacet
1005 1771 1101 1858 juxta
1115 1771 1231 1837 dietam
1246 1771 1407 1838 ecclesiam
1421 1797 1528 1838 versus
1543 1773 1695 1840 orientem
1713 1811 1719 1825 ·

330 1897 359 1945 et
372 1880 513 1946 continet
526 1880 603 1945 duae
626 1902 710 1944 acras
733 1891 766 1944 et
780 1875 943 1942 dimidiam
960 1878 1043 1958 [oum
1059 1879 1204 1963 dammis]
1220 1890 1252 1942 et
1270 1877 1517 1945 obvenoionibus
1532 1903 1593 1967 que
1608 1903 1718 1967 prove·

330 1987 419 2052 niunt
430 1988 469 2053 de
481 2000 546 2052 tota
558 1989 661 2070 [terra
670 1983 865 2071 bube]udam
879 1996 911 2048 st
925 1982 1093 2048 tenendam
1103 1982 1219 2048 dictam
1234 1995 1347 2049 terram
1362 2007 1434 2048 cum
1450 1983 1542 2050 dietis
1556 1984 1719 2070 deci[mt']s

329 2093 361 2156 in
375 2116 485 2180 puram
497 2104 528 2158 et
539 2105 722 2179 perpetuam
732 2089 933 2156 elemosinam
948 2113 1020 2154 oum
1036 2088 1180 2154 omnibus
1195 2088 1425 2176 liberta[rit]us
1440 2103 1473 2155 ot
1486 2090 1718 2156 consuetudini-

329 2200 384 2264 bus
395 2200 434 2264 ad
445 2199 575 2265 liberam
590 2197 790 2264 elemosinam
802 2195 1075 2284 pertinen[ti]bus.
1091 2195 1138 2262 Ut
1147 2207 1251 2261 sutem
1263 2195 1321 2261 hec
1332 2219 1402 2260 mea
1413 2195 1545 2262 donacio
1559 2197 1717 2262 concessio

328 2320 358 2370 et
376 2304 574 2371 confirmacio
590 2305 692 2390 [r]ata
706 2314 883 2389 perseveret
905 2313 938 2365 et
960 2300 1142 2366 inconcussa
1156 2300 1190 2365 in
1204 2313 1363 2389 posterum
1377 2301 1530 2368 habeatur
1543 2317 1718 2391 presentem

330 2412 473 2500 paginam
490 2409 593 2498 sigilli
616 2409 679 2475 mei
702 2407 902 2495 impressione
925 2405 1080 2472 roboravi.
1123 2406 1198 2471 Hiis
1220 2407 1351 2473 testibus
1368 2446 1373 2458 ·
1390 2408 1518 2474 domino
1532 2409 1563 2474 J.
1576 2409 1716 2475 Feruen:

328 2517 470 2605 episcopo
487 2555 493 2567 ·
510 2516 634 2581 Thomu
648 2537 779 2603 persona
793 2513 833 2578 de
846 2511 956 2578 Oallau
973 2550 979 2562 ·
995 2512 1123 2577 domino
1139 2511 1263 2601 Rogero
1279 2511 1412 2579 Hustale
1429 2551 1435 2564 ·
1452 2513 1579 2579 domino
1595 2515 1718 2581 Milone

326 2623 354 2690 le
368 2625 467 2690 Breth
484 2663 489 2674 ·
506 2623 633 2690 domino
648 2621 784 2688 Ricardo
798 2621 839 2688 de
855 2619 1052 2688 Sehameabir
1062 2659 1068 2672 ·
1080 2619 1208 2686 domino
1222 2621 1367 2688 Gilberto
1382 2622 1421 2688 de
1436 2621 1542 2710 Lynet
1558 2662 1564 2673 ·
1581 2622 1716 2688 Ricardo

329 2729 463 2818 Anglioo
478 2743 511 2796 et
525 2729 601 2796 aliis.

965 2948 1073 3020 XVI.

638 3106 745 3181 Orus
762 3105 947 3197 efferationis
964 3104 1169 3196 psalmorum
1187 3109 1221 3179 tu
1238 3105 1400 3196 teuteus).

388 3267 485 3333 (liant
499 3279 654 3354 presentes
668 3280 701 3332 et
715 3267 814 3332 futuri
828 3266 915 3352 quod
928 3289 987 3354 ogo
1001 3266 1024 3331 J
1025 3266 1162 3332 ohannes
1176 3265 1259 3330 filius
1275 3265 1427 3332 Dermieii
1442 3265 1515 3330 dedi
1530 3266 1667 3332 concessi
1682 3282 1715 3332 et

402 3375 461 3440 hac
475 3373 610 3462 presenti
625 3387 709 3440 carta
723 3397 792 3439 mea
810 3372 993 3439 confirmavi
1013 3372 1083 3438 Deo
1103 3387 1136 3439 et
1148 3373 1239 3438 beate
1254 3372 1356 3438 Marie
1370 3385 1403 3438 et
1416 3371 1545 3438 ecclesie
1560 3372 1713 3438 Omnium

324 3480 510 3548 Sanctorum
519 3480 615 3565 juxta
630 3479 751 3545 Dublin
774 3491 807 3544 et
829 3478 985 3544 canonicis
999 3478 1117 3545 ibidem
1133 3478 1242 3544 divina
1264 3478 1367 3544 officia
1388 3477 1616 3545 celebrantibus
1633 3518 1639 3529 ·
1655 3504 1712 3566 pro

318 3587 419 3652 salute
434 3585 537 3650 anime
551 3608 620 3651 mee
635 3597 667 3650 et
682 3585 785 3650 anima
796 3583 929 3651 Olaricie
944 3607 1054 3671 sponse
1069 3607 1138 3650 mee
1152 3597 1185 3650 et
1199 3584 1360 3650 animabus
1370 3583 1466 3671 patris
1480 3595 1513 3648 et
1523 3584 1629 3649 matris
1643 3609 1713 3652 mee

317 3708 355 3759 et
368 3693 530 3760 animabus
548 3705 774 3758 antecessorum
789 3705 821 3758 et
834 3715 1043 3760 suceessorum
1059 3715 1199 3758 meonrm
1210 3730 1216 3743 ·
1229 3690 1378 3758 batellum
1395 3714 1502 3756 meum
1516 3689 1601 3776 quod
1612 3691 1712 3756 habeo

317 3812 354 3864 et
370 3799 485 3866 habere
504 3798 603 3866 debeo
621 3800 693 3886 jure
716 3800 903 3866 hereditario
926 3801 961 3866 in
984 3801 1071 3886 aquis
1091 3801 1213 3867 Dublin
1232 3800 1272 3867 ad
1298 3799 1449 3866 salmones
1471 3799 1660 3888 capiendos·
1678 3800 1711 3864 in

318 3927 431 3990 puram
446 3917 478 3970 et
492 3919 674 3992 perpetuam
688 3905 888 3973 elemosinam
907 3906 1063 3973 canonicis
1077 3907 1160 3972 dicte
1175 3905 1304 3972 ecclesie
1318 3905 1352 3970 in
1367 3918 1553 3994 perpetuum
1567 3928 1709 3993 perman-

319 4032 427 4075 surum
443 4008 521 4075 adeo
532 4009 630 4076 libere
646 4010 726 4076 sicut
739 4009 838 4077 libera
852 4010 1019 4077 elemosina
1030 4010 1158 4077 liberius
1172 4011 1239 4078 dari
1253 4024 1364 4101 potest.
1410 4011 1504 4078 Salvo
1519 4013 1604 4097 quod
1618 4037 1710 4080 oeno·

317 4116 385 4182 nici
399 4115 556 4204 sepediete
579 4115 708 4183 ecclesie
723 4116 762 4183 de
785 4117 896 4183 eodem
909 4117 1025 4184 batello
1048 4116 1180 4182 reddent
1202 4117 1281 4182 mihi
1299 4117 1460 4184 annuatim
1480 4117 1583 4205 quoad
1598 4118 1708 4186 vixero

315 4227 485 4292 dimidiam
499 4249 634 4292 marcam
650 4225 772 4313 argenti
788 4263 794 4276 ·
810 4223 938 4290 scilieet·
948 4222 1148 4289 medietatem
1162 4224 1196 4288 in
1210 4223 1288 4290 festo
1304 4225 1457 4290 Omnium
1473 4224 1658 4290 Sanctorum
1676 4238 1709 4290 et

318 4331 413 4397 aliam
434 4330 635 4396 medietatem
649 4328 775 4395 infesto
798 4328 993 4394 invencionis
1016 4340 1120 4394 sancte
1142 4328 1242 4394 erucis
1259 4368 1265 4380 ·
1281 4344 1314 4395 et
1336 4343 1407 4417 post
1421 4330 1579 4396 decessum
1602 4353 1707 4395 meum

321 4433 487 4502 heredibus
501 4435 578 4501 meis
588 4435 665 4501 duos
679 4434 792 4502 solidos
806 4436 840 4500 in
855 4435 947 4500 dietis
958 4432 1098 4500 terminis
1113 4458 1131 4499 a
1146 4433 1237 4500 dictis
1251 4435 1407 4502 canonicis
1422 4433 1636 4522 percipiendos
1650 4457 1708 4521 pro

1617 4563 1703 4604 omnr
