4306 5414
947 641 1013 716 127

281 801 377 862 which
387 803 438 862 the
451 803 623 882 Bennetyne
632 803 711 862 Olnb
724 802 776 862 hos
792 803 903 863 olesred
917 821 959 882 np
977 803 1113 880 disputed
1128 802 1226 880 points
1235 803 1266 862 in
1279 803 1401 882 history,
1416 804 1473 862 eod
1488 803 1669 862 substituted

280 901 451 980 knowledge
462 901 508 962 for
521 902 656 979 question
668 901 727 962 end
738 902 913 978 conjecture.

849 1113 929 1191 Papo
941 1127 989 1190 51,
1002 1111 1059 1172 line
1071 1127 1098 1186 7.

339 1250 523 1310 Almourione
533 1249 862 1326 &liffeim-Almone,
880 1249 963 1310 third
973 1253 1069 1310 Boron
1087 1251 1121 1311 ol
1134 1247 1254 1319 Howtln
1273 1246 1369 1306 which
1381 1245 1512 1324 lordship
1525 1265 1583 1308 was
1600 1265 1668 1305 eon·

280 1349 382 1408 firmed
391 1359 423 1409 to
436 1349 499 1408 him
508 1349 550 1430 by
563 1349 642 1408 John
658 1350 728 1408 Esrl
738 1349 772 1408 of
780 1349 921 1410 Moreton
962 1349 1025 1410 The
1037 1349 1120 1409 lands
1133 1349 1166 1408 of
1175 1347 1315 1428 Baldoyle
1332 1347 1389 1406 ond
1399 1345 1578 1428 Bellyeollsn
1592 1365 1668 1405 were

279 1449 422 1526 probably
431 1446 595 1524 dependent
604 1467 641 1505 on
651 1446 702 1505 the
714 1445 845 1526 lordship
855 1447 887 1506 os
897 1445 1017 1506 Howth.
1057 1447 1129 1508 This
1147 1447 1263 1506 ohsrter
1279 1466 1338 1508 was
1351 1447 1473 1525 granted
1483 1447 1514 1506 in
1528 1445 1579 1505 the
1595 1448 1668 1504 time

280 1549 313 1606 os
319 1548 405 1607 Prior
422 1545 558 1621 Richsrd,
575 1544 642 1604 who
655 1545 810 1604 witnessed
822 1565 839 1602 a
851 1555 938 1622 grum
956 1545 989 1603 of
1004 1543 1191 1622 Archbisltop
1212 1543 1317 1622 Henry
1334 1553 1365 1602 to
1386 1542 1437 1602 the
1449 1543 1552 1602 Vicsrs
1571 1542 1605 1601 os
1621 1541 1664 1602 St.

280 1645 401 1705 Petrick
412 1647 544 1707 between
560 1662 633 1722 1223
648 1644 705 1703 end
725 1645 808 1704 1228.
848 1647 938 1722 Hugo
953 1645 989 1704 de
1008 1643 1177 1715 Esthsmur,
1199 1663 1254 1704 one
1274 1645 1308 1703 of
1323 1643 1375 1706 the
1390 1644 1537 1704 witnesses
1558 1652 1589 1702 to
1607 1642 1667 1702 this

279 1745 402 1816 chortes,
417 1763 535 1822 oppenrs
548 1753 580 1802 to
591 1744 630 1803 be
642 1743 693 1802 the
701 1744 792 1821 Engo
803 1743 838 1803 de
848 1743 970 1802 Esthem
985 1745 1019 1802 of
1027 1762 1074 1822 pp.
1089 1744 1176 1820 38-9‚
1188 1743 1275 1801 62-8.
1318 1743 1376 1802 llor
1388 1742 1440 1806 the
1455 1742 1579 1803 benefits
1599 1763 1665 1804 con·

280 1845 375 1905 ferred
391 1845 432 1924 by
452 1843 502 1903 the
515 1853 603 1921 grem
619 1844 653 1904 of
662 1842 831 1922 Fraternity
845 1841 915 1902 here
927 1841 1110 1901 conditioned
1120 1841 1174 1914 lor,
1195 1861 1241 1900 see
1260 1842 1378 1901 Prefsce
1392 1850 1423 1900 to
1433 1840 1534 1902 Christ
1547 1841 1666 1901 Churoh

281 1943 523 2022 ffimpnffi

341 2045 370 2102 A
385 2045 466 2122 copy
487 2042 521 2102 of
536 2041 588 2101 the
606 2041 722 2102 Letters
741 2041 865 2119 granno
881 2050 912 2099 to
930 2041 1041 2100 Robert
1051 2039 1226 2100 Arbuthnot
1238 2039 1296 2098 end
1309 2038 1424 2098 Marion
1443 2039 1599 2118 Scrimgor‚
1619 2040 1666 2099 his

281 2143 367 2224 wylle
380 2142 445 2222 (on)
455 2141 521 2202 ther
534 2141 682 2220 reeepoion
695 2142 726 2200 in
735 2141 786 2200 the
798 2141 975 2201 Fraternitie
984 2141 1018 2199 of
1026 2141 1078 2200 the
1091 2140 1209 2201 Ordour
1221 2140 1255 2198 os
1265 2140 1457 2200 Observentis
1468 2139 1498 2198 in
1511 2142 1594 2217 1487,
1614 2141 1667 2201 has

280 2243 352 2302 been
364 2240 482 2322 printed
492 2241 523 2299 in
537 2240 587 2298 the
597 2240 766 2319 Miscellany
776 2241 810 2298 of
818 2239 869 2299 the
882 2239 1022 2320 Spalding
1032 2240 1119 2310 cub,
1130 2239 1187 2299 vol.
1196 2239 1227 2298 ii.
1240 2259 1269 2318 p.
1287 2255 1350 2316 103.

339 2345 369 2400 A
381 2361 454 2420 very
467 2341 586 2398 enricus
597 2349 686 2418 grem
698 2339 774 2398 from
787 2339 849 2398 this
862 2339 995 2397 Almerio
1004 2338 1041 2397 de
1053 2338 1160 2410 Hofde‚
1174 2337 1206 2396 in
1216 2335 1313 2395 which
1325 2335 1364 2395 he
1373 2355 1486 2408 swears,
1507 2337 1601 2396 nuder
1615 2338 1666 2397 the

280 2443 398 2522 penalty
406 2441 440 2500 ol
449 2444 519 2512 40a,
533 2440 600 2498 thet
612 2439 650 2498 he
662 2439 725 2498 will
737 2451 790 2498 not
803 2441 851 2519 lsy
864 2441 976 2498 violent
987 2439 1089 2511 hands,
1103 2447 1208 2517 except
1220 2438 1252 2496 in
1266 2436 1457 2508 seli-desence,
1472 2456 1552 2516 upon
1565 2457 1623 2516 eny
1637 2439 1670 2494 os

280 2543 326 2600 his
339 2541 473 2620 prelotes,
487 2541 513 2600 is
525 2539 595 2599 here
608 2540 769 2617 snbjoined,
785 2541 810 2598 it
824 2541 848 2599 is
862 2541 951 2600 teken
964 2541 1039 2600 from
1049 2539 1153 2598 Alen’s
1165 2537 1313 2618 Registry‚
1330 2535 1447 2616 College
1459 2555 1541 2614 copy,
1555 2555 1583 2614 p.
1598 2536 1665 2614 634.

341 2649 360 2675 “
373 2635 535 2701 Universis‘
549 2633 662 2698 christi
679 2640 831 2698 Fidelibns
848 2640 885 2697 ed
902 2659 975 2716 quos
995 2657 1112 2717 presens
1133 2637 1283 2716 Scriptum
1304 2634 1471 2716 pervenerit
1490 2634 1667 2694 Almoritius

281 2741 316 2799 de
328 2739 441 2799 Howth
456 2737 587 2796 Salutem
596 2739 628 2796 in
640 2737 775 2797 Domino.
814 2739 938 2797 Noverit
947 2738 1122 2797 universitas
1141 2745 1239 2796 vestre
1256 2753 1303 2794 me
1316 2733 1428 2793 dedisse
1448 2733 1618 2792 concessisse
1637 2742 1668 2792 et

279 2840 334 2898 hec
345 2837 474 2916 presenti
495 2846 575 2895 carta
595 2835 777 2895 confirmasse
797 2855 851 2914 pro
864 2836 959 2894 enims
970 2854 1034 2893 mes
1055 2843 1085 2892 et
1105 2833 1256 2892 aminsbus
1267 2841 1482 2892 antecessorum
1497 2840 1666 2890 nostrornm

280 2936 535 2996 VrcerioEcolesie
547 2935 584 2994 de
596 2935 707 2994 Howth
724 2935 832 3013 viginti
852 2935 982 3012 quinque
1003 2953 1083 2992 seres
1095 2941 1174 2992 terre
1187 2931 1223 2990 de
1240 2931 1392 2990 Dominioo
1405 2949 1476 2989 meo.
1518 2930 1667 2990 Tenendas

279 3047 310 3097 et
321 3036 467 3096 habendes
480 3036 512 3093 in
523 3055 628 3114 purem
650 3043 680 3093 et
691 3043 862 3114 perpetuom
883 3035 1075 3111 elemosynam
1095 3031 1164 3089 viu:
1178 3031 1243 3089 illas
1264 3048 1321 3108 que
1334 3030 1433 3106 jacent
1445 3029 1666 3110 propinquiores

279 3143 386 3201 Rivnlo
407 3141 547 3200 defluenti
564 3141 595 3198 in
608 3159 687 3198 mere
699 3140 777 3198 inter
789 3139 947 3197 Ecclesium
967 3147 997 3196 et
1009 3145 1096 3196 vetus
1109 3135 1269 3196 Castellum
1284 3155 1386 3194 versus
1406 3137 1546 3195 orientem
1565 3146 1596 3195 et
1615 3158 1666 3195 ex-

280 3243 406 3302 tendunt
419 3261 450 3301 se
466 3239 544 3298 etilo
558 3257 632 3316 oque
653 3239 684 3296 in
704 3235 1001 3314 longitudinemque
1021 3233 1058 3292 ad
1078 3233 1184 3292 divisas
1205 3232 1294 3290 sectas
1315 3232 1393 3292 inter
1406 3241 1514 3290 terram
1534 3233 1615 3291 illem
1635 3243 1665 3292 et

278 3353 388 3403 terram
400 3362 492 3401 mecm
505 3359 607 3399 versus
617 3339 802 3398 occidentem.
835 3338 876 3396 Et
889 3357 906 3394 a
918 3337 982 3395 vieo
994 3336 1128 3394 veniente
1140 3331 1177 3392 de
1191 3331 1343 3410 Mausloge
1352 3332 1489 3409 usquead
1500 3331 1665 3410 predictum

279 3431 422 3503 Rivnlum
441 3451 530 3518 etque
547 3459 649 3498 versus
671 3437 828 3498 australem
841 3445 954 3514 purtem
970 3435 1113 3512 usquein
1126 3452 1205 3492 mare
1224 3433 1256 3491 in
1276 3429 1436 3490 latitudine
1448 3449 1516 3489 cum
1528 3429 1664 3490 omnibus

279 3543 340 3601 suis
352 3540 537 3620 pertinentiis
549 3548 679 3616 tempore
688 3557 746 3615 qno
756 3536 906 3596 Wolterus
923 3534 960 3592 de
978 3533 1059 3593 Snell
1077 3531 1280 3592 fuitViosrius
1293 3529 1330 3590 de
1342 3527 1454 3588 Houth
1463 3537 1494 3588 et
1511 3527 1543 3586 in
1555 3548 1664 3588 recom-

279 3641 447 3719 pensacione
461 3639 551 3714 hujus
565 3646 643 3696 terre
655 3638 813 3714 assignavit
826 3637 923 3693 dictus
935 3635 983 3692 W.
997 3633 1033 3693 de
1043 3631 1124 3691 Snell
1141 3629 1214 3690 mihi
1233 3629 1398 3706 quindecim
1411 3646 1491 3686 seras
1508 3636 1585 3688 terre
1597 3647 1664 3706 pro-

279 3740 446 3818 pinquiores
458 3747 544 3817 porte
555 3757 618 3798 mee
629 3757 731 3797 verens
744 3737 855 3798 Villnm
869 3736 957 3795 Come
969 3733 1108 3813 Wnlleys.
1149 3732 1212 3789 Hec
1231 3738 1329 3788 sutem
1350 3727 1478 3787 muteoio
1495 3735 1574 3787 terre
1589 3727 1665 3785 lecta

278 3839 338 3898 fuis
357 3837 394 3898 de
413 3855 555 3896 consensu
575 3845 606 3894 et
626 3836 777 3895 voluntate
789 3834 951 3894 Reverendi
964 3833 1062 3892 Petris
1079 3831 1173 3891 nostri
1186 3829 1305 3889 Domini
1323 3830 1403 3888 Luce
1423 3829 1538 3890 Dublin
1557 3829 1663 3888 Archi-

279 3935 404 4015 episcopi
424 3943 455 3992 et
480 3933 613 4010 magistri
636 3933 748 3992 Gentili
771 3934 897 3992 Persone
923 3933 958 3992 de
974 3933 1084 3992 Howth
1105 3942 1178 3992 tunc
1196 3930 1335 4008 temporis
1354 3931 1453 4008 itaque
1465 3933 1514 3990 W.
1527 3931 1563 3991 de
1584 3931 1665 3992 Snell

278 4036 391 4096 Viesrii
410 4054 465 4112 pro
483 4035 561 4092 bono
581 4032 709 4092 Ecclesie
728 4041 759 4092 et
775 4053 793 4090 e
806 4033 932 4092 Domino
951 4031 1066 4092 Dublin
1083 4030 1258 4090 confirmate
1298 4030 1362 4107 Ego
1382 4039 1481 4091 eutem
1497 4039 1529 4092 et
1546 4029 1665 4092 heredes

278 4134 336 4194 mei
348 4133 440 4192 dictes
457 4129 564 4208 viginti
576 4127 707 4206 quinque
724 4147 804 4188 sores
821 4137 899 4186 terre
911 4127 990 4186 dioto
1003 4127 1051 4186 W.
1064 4126 1101 4185 de
1113 4125 1193 4186 Snell
1206 4133 1237 4184 et
1254 4123 1468 4186 succentoribus
1485 4123 1546 4184 suis
1560 4133 1664 4182 eontra

278 4251 377 4292 omnes
388 4230 519 4290 homines
528 4227 805 4287 varrantisabimns.
839 4226 973 4286 Concessi
985 4227 1072 4288 etiem
1084 4225 1163 4304 quod
1173 4245 1274 4288 omnes
1291 4226 1421 4288 homines
1434 4225 1482 4286 sui
1493 4235 1524 4286 et
1533 4235 1664 4286 tenentes

276 4327 369 4404 quieti
380 4328 442 4386 sint
451 4337 481 4386 et
492 4326 580 4388 liberi
591 4327 629 4386 ob
642 4327 721 4386 omni
733 4325 884 4398 servitute,
903 4327 1056 4388 exsccione
1075 4337 1106 4387 et
1121 4327 1261 4389 domums
1281 4327 1318 4388 sd
1338 4346 1385 4388 me
1405 4335 1436 4388 et
1454 4324 1574 4386 hermes
1585 4345 1664 4386 meos

278 4427 450 4502 pertinente,
489 4427 530 4484 Et
542 4425 621 4502 qnod
633 4425 759 4488 hebent
771 4446 824 4505 per
837 4437 943 4488 terrem
963 4445 1055 4486 meam
1072 4435 1103 4485 et
1114 4445 1193 4486 mere
1212 4427 1338 4486 liberum
1350 4426 1513 4502 ingressum
1526 4433 1556 4483 et
1569 4443 1667 4484 exces-

1600 4545 1665 4583 dum
