4284 5412
933 637 984 710 39-

266 794 423 882 presencia
440 795 669 884 fidedignorum
691 793 791 860 dictus
810 791 969 860 lohannes
991 793 1118 862 Juliana
1139 805 1171 860 et
1192 792 1368 882 Margareta
1389 790 1502 858 cadant
1520 815 1538 858 a
1557 791 1646 858 firma

266 925 335 966 sua·
348 914 381 966 et
391 899 484 966 liceat
494 899 586 966 dictis
595 897 696 964 Priori
708 911 740 964 et
750 898 918 964 conventui
929 913 962 964 et
972 923 1080 964 eorum
1090 897 1314 966 successoribus
1322 895 1442 962 dictum
1452 897 1645 986 mesuagium

265 1031 335 1072 curn
349 1005 480 1072 edificiis
494 1017 527 1072 et
540 1003 739 1093 pertinenciis
758 1005 821 1069 suis
840 1004 925 1070 licite
940 1003 1054 1070 intrare
1069 1004 1135 1070 sine
1154 1001 1398 1070 contradictione
1413 1001 1645 1089 cujuscumque.

266 1113 395 1200 Insuper
413 1111 545 1200 predicti
559 1113 719 1180 lohannes
733 1112 859 1178 Juliana
882 1125 914 1178 et
928 1112 1106 1200 Margareta
1128 1110 1240 1176 volunt
1262 1125 1294 1174 et
1316 1108 1494 1174 concedunt
1516 1109 1646 1195 quodsi

266 1219 424 1306 contingat
435 1217 517 1306 ipsos
531 1218 611 1284 infra
627 1217 793 1284 terminum
808 1231 1005 1306 prenotatum
1016 1217 1173 1284 discedere
1185 1215 1270 1302 quod
1284 1213 1363 1280 absit
1374 1214 1459 1300 quod
1473 1214 1647 1302 predictum

266 1323 456 1412 mesuagium
470 1323 616 1412 predictis
631 1321 733 1388 Priori
748 1337 780 1388 et
802 1322 971 1388 conventui
995 1323 1110 1408 absque
1133 1319 1238 1406 aliqua
1259 1316 1437 1406 calumpnia
1461 1333 1494 1384 et
1516 1317 1646 1407 strepitu

262 1429 403 1515 judiciali
417 1429 538 1518 integre
553 1445 718 1494 remaneat.

325 1535 471 1600 Preterea
492 1550 681 1600 conventum
703 1545 749 1598 est
763 1531 845 1597 inter
858 1547 961 1620 partes
975 1533 1060 1619 quod
1075 1532 1176 1598 dictus
1190 1533 1212 1598 J
1213 1533 1349 1598 ohannes
1363 1531 1385 1596 J
1386 1531 1492 1598 uliana
1512 1547 1544 1598 et
1559 1533 1644 1600 Mar·

264 1655 366 1726 gareta
377 1639 461 1704 dicta
475 1637 597 1704 edificia
607 1637 641 1701 in
652 1637 714 1702 fine
729 1635 853 1702 termini
864 1637 974 1724 prefati
985 1637 1161 1725 relinquent
1172 1637 1275 1707 attat
1288 1639 1442 1720 fllduntbt
1456 1650 1488 1702 et
1498 1663 1561 1704 una
1575 1663 1646 1703 cum

264 1745 320 1810 hoc
335 1745 420 1831 quod
435 1745 556 1810 solvant
573 1743 733 1810 annuatim
753 1743 973 1834 Longabulum
988 1760 1170 1812 consuetum
1185 1745 1315 1811 durante
1330 1745 1463 1812 termino
1478 1744 1643 1811 antedicto.

266 1849 306 1913 Et
317 1849 393 1914 dicti
405 1848 496 1914 Prior
509 1862 541 1914 et
551 1863 722 1914 conventus
732 1862 764 1914 et
775 1873 882 1914 eorum
897 1871 1083 1914 successores
1094 1849 1214 1914 dictum
1228 1849 1421 1938 mesuagium
1433 1873 1505 1916 cum
1516 1847 1647 1915 edificiis

265 1972 294 2020 et
307 1955 507 2044 pertinenciis
531 1955 594 2022 suis
609 1956 700 2022 dictis
719 1957 857 2022 Johauni
872 1956 998 2024 Juliane
1024 1972 1056 2024 et
1070 1958 1246 2046 Margarete
1271 1981 1369 2043 usque
1392 1959 1431 2024 ad
1451 1957 1547 2022 finem
1567 1956 1644 2021 dicti

264 2061 387 2126 termini
402 2075 438 2127 ut
452 2061 663 2148 supradictum
682 2075 728 2126 est
742 2077 849 2128 contra
870 2087 976 2130 omnes
998 2064 1142 2130 mortales
1161 2063 1406 2130 warantizabunt
1419 2078 1452 2130 et
1466 2062 1642 2128 defendent.

266 2163 301 2227 ln
319 2164 408 2249 cujus
426 2164 472 2230 rei
488 2165 699 2230 testimonium
718 2165 820 2254 sigilla
834 2167 973 2254 parcium
997 2166 1171 2233 alternatim
1186 2167 1381 2255 presentibus
1404 2181 1476 2234 sunt
1501 2191 1644 2256 appensa.

266 2266 381 2334 Datum
396 2269 518 2338 Dublin
529 2269 581 2335 die
595 2282 723 2336 stanno
737 2270 929 2360 supradictis.

858 2571 1047 2645 XXXVI.

263 2759 317 2835 Dr
343 2771 511 2834 mamma
537 2759 572 2834 ta
596 2760 740 2851 pamma
757 2757 879 2843 &aaut
896 2757 1057 2846 fibula(
1079 2759 1113 2833 a
1137 2759 1199 2832 tlte
1218 2759 1245 2833 la
1262 2755 1477 2842 Rosulanus
1504 2778 1536 2833 rr
1557 2773 1643 2852 pato

263 2879 385 2954 badult

350 3019 479 3086 Mnibus
491 3020 608 3086 Christi
623 3019 767 3087 fidelibus
782 3022 821 3087 ad
836 3046 913 3108 quos
927 3045 1051 3108 presens
1066 3021 1214 3108 seriptum
1230 3021 1407 3108 pervenerit
1420 3023 1530 3112 Agnes
1545 3049 1643 3111 quon-

371 3127 442 3192 dam
457 3151 539 3191 uxor
553 3125 680 3192 Ricardi
694 3125 817 3213 pistoris
831 3126 961 3193 salutem
979 3165 985 3176 ·
1001 3125 1133 3192 Noverit
1147 3126 1330 3192 universitas
1345 3141 1447 3194 vestra
1460 3153 1510 3196 rne
1526 3131 1645 3198 dedisse

261 3232 442 3300 concessisse
457 3247 489 3299 et
503 3233 562 3298 hac
575 3233 711 3320 presenti
725 3245 809 3298 carta
822 3255 891 3297 mea
905 3231 1099 3298 confirmasse
1115 3232 1185 3296 Deo
1204 3245 1237 3298 et
1251 3233 1340 3298 beate
1355 3232 1456 3300 Marie
1471 3249 1503 3302 et
1516 3237 1644 3304 ecclesie

264 3339 413 3406 Omnium
430 3339 613 3406 Sanctorum
632 3340 728 3425 juxta
742 3339 864 3405 Dublin
885 3354 917 3405 et
942 3339 1098 3405 canonicis
1116 3339 1234 3404 ibidem
1250 3339 1319 3404 Deo
1342 3341 1568 3408 servientibus·
1586 3368 1642 3432 pro

264 3446 357 3510 salute
372 3445 475 3510 anime
490 3467 558 3509 mee
570 3457 602 3508 et
612 3443 688 3509 dieti
703 3442 830 3508 Ricardi
841 3443 945 3530 sponsi
960 3444 1021 3510 mei
1037 3457 1068 3510 et
1082 3443 1222 3509 omnium
1237 3459 1463 3510 antecessorum
1478 3461 1510 3512 et
1523 3471 1641 3515 succes-

263 3573 362 3617 sorum
377 3574 517 3616 meorum
532 3549 687 3635 quandam
702 3563 814 3615 terram
829 3573 930 3616 meam
951 3551 1031 3616 infra
1046 3575 1149 3616 muros
1164 3552 1285 3618 Dublin
1299 3553 1333 3618 in
1347 3555 1418 3620 vico
1433 3555 1472 3620 de
1487 3554 1516 3620 le
1533 3555 1640 3623 Roche

264 3655 295 3720 in
324 3655 471 3743 parochia
492 3655 599 3720 Sancti
622 3655 768 3721 Nicholai
793 3695 799 3708 ·
824 3656 910 3722 illam
943 3659 1061 3726 scilicet
1085 3673 1198 3726 terram
1227 3683 1287 3745 que
1311 3661 1396 3747 jacet
1418 3661 1500 3728 inter
1529 3677 1641 3729 terram

264 3759 410 3840 Quinildc
434 3773 466 3826 et
483 3773 595 3824 terram
615 3783 708 3846 quarn
731 3760 793 3826 emi
818 3787 837 3827 a
856 3762 980 3828 Thoma
993 3763 1058 3828 filio
1073 3765 1206 3831 Walteri
1230 3765 1374 3856 Kipping
1389 3805 1396 3820 ·
1412 3767 1587 3834 habendam
1610 3785 1642 3834 et

264 3866 426 3932 tenendam
441 3865 556 3932 dictam
569 3879 683 3932 terram
694 3867 776 3934 dicte
792 3870 901 3935 domus
915 3872 1070 3938 canonicis
1084 3873 1118 3937 in
1133 3897 1243 3960 puram
1258 3889 1289 3940 et
1304 3887 1485 3963 perpetuam
1500 3877 1640 3942 elemosi-

264 3993 332 4036 nam
345 3972 442 4038 libere
457 3971 561 4057 quiete
576 3972 703 4059 pacifice
718 3972 838 4064 integre
858 4001 930 4042 cum
945 3978 1088 4043 omnibus
1102 3978 1297 4048 libertatibus
1311 3996 1343 4046 et
1357 3981 1463 4048 liberis
1477 3998 1640 4049 consuetu-

265 4075 385 4143 dinibus
400 4078 439 4143 ad
453 4077 583 4142 liberam
593 4078 792 4146 elemosinam
806 4082 1041 4169 pertinentibus.
1086 4085 1231 4173 Excepto
1246 4087 1331 4172 quod
1342 4087 1420 4153 dicti
1434 4089 1575 4156 canonici
1589 4089 1640 4154 vel

264 4206 366 4248 eorum
388 4197 558 4250 attornatus
579 4187 810 4274 respondebunt
834 4191 959 4278 capitali
983 4192 1110 4257 domino
1131 4194 1291 4259 annuatim
1315 4194 1354 4260 de
1380 4209 1512 4280 quatuor
1533 4195 1639 4260 solidis

265 4289 486 4378 sterlingorum.

324 4395 367 4458 Et
381 4409 417 4460 ut
431 4393 489 4460 hec
502 4417 573 4460 mea
587 4393 717 4461 donacio
731 4397 886 4462 concessio
900 4410 933 4462 et
946 4396 1142 4465 confirmacio
1164 4411 1229 4465 rata
1243 4413 1418 4488 perseveret
1431 4399 1465 4464 in
1479 4414 1635 4488 posterum

1607 4525 1639 4573 el
