4368 5408
1165 615 1205 690 lii

495 811 605 883 gentes
621 797 908 864 warrantizabimus
932 797 1164 886 imperpetuum
1179 823 1236 888 per
1256 813 1422 888 presentes,
1467 799 1506 864 Iu
1522 822 1655 884 quorum
1670 799 1889 888 premissorum

496 903 591 968 lidem
606 919 639 969 et
652 902 866 969 testimonium
888 927 944 969 nos
959 904 1095 992 prefatus
1107 903 1198 969 Prior
1212 917 1244 970 et
1258 916 1431 970 conventus
1445 903 1520 968 huic
1536 903 1651 991 scripto
1666 904 1803 993 sigillum
1819 931 1888 972 nos·

497 1023 580 1074 trum
619 1032 785 1074 commune
824 1007 1023 1096 apposuimus
1059 1021 1092 1073 et
1128 1007 1261 1095 propriis
1296 1007 1441 1072 manibus
1478 1006 1705 1094 adscripsimus.
1771 1009 1889 1076 Datum

497 1115 710 1181 sextodecimo
741 1115 792 1180 die
817 1115 932 1180 mensis
951 1113 1140 1179 Novembris
1163 1138 1245 1180 anno
1270 1113 1402 1179 Domini
1428 1113 1597 1179 milessimo
1624 1115 1890 1202 quingentessimo

497 1220 654 1285 tricesimo
669 1235 780 1287 octavo
795 1235 827 1286 et
842 1244 923 1285 anno
936 1219 1024 1308 regni
1039 1220 1121 1308 regis
1137 1220 1269 1287 Henrici
1284 1220 1386 1286 octavi
1402 1219 1567 1285 tricesimo.

563 1325 624 1390 Per
646 1349 696 1391 me
726 1326 904 1392 Walterum
934 1325 1074 1391 Priorem
1100 1326 1253 1392 Omnium
1286 1326 1484 1392 Sanctorum.
1543 1325 1605 1390 Per
1634 1349 1684 1391 me
1716 1327 1889 1393 Robertum

502 1429 641 1518 Dolyng.
686 1431 748 1496 Per
762 1455 813 1496 me
827 1431 1004 1496 Johannem
1021 1431 1158 1520 Grogan.
1196 1432 1258 1496 Per
1267 1456 1318 1498 me
1334 1432 1497 1498 dominum
1511 1432 1665 1498 Jacobum
1682 1434 1791 1500 Blalre.
1830 1435 1891 1502 Per

499 1556 549 1596 me
564 1533 742 1598 Johannem
758 1535 1096 1602 Barros-Recordare
1111 1537 1208 1614 Book,
1225 1561 1277 1625 pp.
1292 1546 1409 1625 48-51,
1425 1537 1488 1603 and
1502 1536 1566 1603 also
1581 1562 1634 1627 pp.
1651 1563 1766 1629 5254·

796 1726 1053 1814 [aunonensem
1076 1748 1119 1792 ou
1143 1749 1209 1793 run
1232 1750 1317 1794 naor
1339 1750 1378 1794 or
1401 1751 1467 1793 rnn
1490 1732 1606 1820 onan]

603 1901 818 1967 Emorandum
834 1903 919 1988 quod
934 1903 1056 1970 decimo
1072 1919 1182 1971 octavo
1197 1906 1248 1972 die
1264 1908 1453 1974 Novembris
1468 1933 1550 1975 anno
1560 1910 1650 1998 regni
1665 1911 1745 1999 regis
1759 1911 1890 1979 Henrici

644 2007 748 2074 octavi
777 2007 933 2074 tricesimo
962 2009 996 2074 in
1018 2011 1112 2077 domo
1141 2012 1304 2100 capitulari
1335 2013 1446 2080 domus
1475 2015 1540 2081 sive
1561 2017 1714 2102 prioratus
1738 2017 1889 2083 Omnium

504 2115 689 2181 Sanctorum
706 2114 802 2200 juxta
821 2113 944 2181 Dublin
959 2116 1044 2204 prior
1057 2131 1091 2183 et
1103 2131 1275 2184 conventus
1286 2116 1368 2183 infra
1381 2117 1533 2184 nominati
1546 2135 1621 2185 tunc
1636 2119 1754 2186 ibidem
1763 2145 1892 2210 congre·

501 2221 568 2308 gati
589 2235 622 2288 et
636 2219 809 2308 capitulum
823 2221 970 2288 facientes
984 2249 1120 2291 unacum
1135 2249 1243 2291 eorum
1257 2250 1410 2292 consensu
1424 2240 1457 2292 et
1481 2250 1605 2292 assensu
1629 2251 1670 2292 ex
1686 2243 1770 2294 certa
1784 2252 1892 2293 eorum

502 2325 636 2392 sciencia
658 2324 771 2390 animis
785 2325 964 2392 deliberatis
978 2341 1010 2392 et
1031 2329 1208 2415 spontaneis
1233 2352 1342 2395 eorum
1356 2328 1570 2396 voluntatibus
1584 2353 1640 2417 pro
1663 2345 1699 2395 ut
1713 2355 1769 2418 per
1783 2356 1890 2397 eorum

502 2432 707 2498 donacionem
721 2431 953 2498 concessionem
981 2457 1102 2500 sursum
1129 2435 1287 2501 redditum
1301 2451 1334 2502 et
1348 2435 1573 2502 alienacionem
1598 2449 1633 2501 ut
1656 2436 1772 2502 factum
1798 2461 1890 2502 suum

502 2562 623 2604 merum
637 2537 772 2602 liberum
787 2550 820 2602 et
833 2537 1045 2605 voluntarium
1055 2539 1259 2628 cognoverint
1274 2555 1306 2606 et
1320 2542 1561 2629 recognoverint
1575 2567 1611 2608 ao
1625 2557 1662 2607 ut
1671 2541 1788 2609 factum
1799 2567 1890 2610 suurn

502 2668 668 2711 commune
691 2643 726 2708 in
751 2642 896 2709 manibus
924 2643 1150 2710 venerabilium
1177 2645 1380 2712 discretorum
1407 2645 1546 2711 virorum
1560 2645 1714 2712 Willelmi
1730 2647 1891 2714 Brabazon

502 2750 648 2840 armigeri
662 2748 903 2815 subthesaraun'i
924 2747 1044 2814 domini
1059 2749 1141 2837 regis
1156 2763 1236 2814 terre
1251 2773 1305 2814 sue
1321 2749 1484 2827 Hibernis,
1501 2750 1629 2816 Geraldi
1644 2750 1777 2831 Ailmer,
1796 2753 1891 2840 Capi·

502 2859 573 2925 talis
587 2859 609 2924 J
610 2856 760 2924 usticiarii
777 2855 853 2922 dicti
871 2856 991 2922 domini
1006 2858 1089 2945 regis
1106 2859 1146 2923 ad
1163 2857 1278 2945 placita
1293 2882 1396 2924 coram
1417 2858 1502 2923 dicto
1522 2858 1649 2924 domino
1666 2883 1739 2947 rege
1757 2861 1893 2926 tenenda

504 2965 538 3028 in
564 2977 646 3029 terra
675 2986 730 3027 sua
752 2961 894 3048 predicta
922 2962 1077 3028 «Iohannis
1105 2963 1191 3027 Alen
1220 2961 1361 3050 magistri
1384 2961 1582 3038 Rotulorum‚
1620 2978 1652 3028 et
1675 2963 1805 3030 Roberti
1833 2965 1891 3031 lita

510 3069 632 3158 Symon
657 3064 763 3131 clerici
781 3064 952 3130 cancellare
974 3065 1051 3130 dicti
1077 3065 1197 3130 doniini
1220 3065 1303 3154 regis
1325 3065 1443 3131 ibidem
1467 3065 1800 3134 commissionariorum
1815 3071 1892 3137 dieti

508 3171 629 3239 domini
644 3171 726 3260 regis
741 3171 781 3236 ad
795 3195 887 3235 usum
901 3171 978 3238 dicti
989 3171 1188 3238 illustrissimi
1204 3173 1323 3238 domini
1349 3173 1431 3262 regis
1445 3175 1527 3240 ultro
1551 3191 1583 3240 et
1605 3191 1714 3262 sponte
1729 3177 1892 3244 tradebant

505 3295 538 3348 et
561 3280 721 3370 petierunt
744 3278 894 3344 instantes
918 3295 953 3344 ut
975 3279 1010 3344 in
1026 3279 1123 3347 Curia
1138 3280 1331 3348 (lancellarie
1350 3279 1470 3346 domini
1492 3278 1588 3345 nostri
1617 3281 1698 3369 regis
1727 3297 1807 3347 terre
1837 3307 1891 3348 sue

505 3386 659 3452 Hibernis
675 3410 729 3452 seu
743 3385 935 3472 ubicumque
956 3387 1031 3452 alias
1049 3402 1086 3454 ut
1110 3388 1227 3454 factum
1251 3412 1343 3455 suum
1367 3387 1548 3474 hujusmodi
1575 3388 1615 3453 ad
1640 3403 1823 3476 perpetuam
1845 3388 1890 3452 rei

504 3495 686 3562 memoriam
715 3493 897 3560 irrotulatur
927 3493 1103 3559 insinuatur
1141 3508 1173 3560 et
1194 3495 1390 3560 inscribatur.
1429 3494 1474 3558 Et
1495 3507 1684 3582 rogaveramt
1705 3493 1762 3558 hos
1798 3508 1890 3560 testes

507 3599 696 3688 subscriptos
710 3613 863 3686 quatenus
877 3611 942 3662 tam
966 3622 1059 3686 super
1084 3622 1192 3664 eorum
1215 3599 1332 3664 factum
1357 3597 1538 3684 hujusmodi
1562 3621 1656 3683 quarn
1671 3597 1891 3686 sigillationem

509 3706 768 3772 deliberationem
781 3703 1028 3792 recognitionem
1043 3720 1075 3771 et
1089 3703 1272 3793 petitionem
1296 3703 1450 3792 predictas
1463 3703 1677 3770 testimonium
1691 3704 1894 3793 prohiberent

507 3825 539 3874 et
553 3821 664 3874 cetera

572 3913 756 3999 Sequuntur
783 3913 912 3978 nomina
941 3914 1083 3981 testium:

571 4017 691 4106 Symon
721 4016 861 4107 Geffrey‚
891 4019 1008 4086 Rector
1036 4018 1075 4084 de
1107 4018 1256 4098 Houthe;
1279 4018 1418 4084 Thomas
1447 4017 1541 4095 Alen,
1571 4035 1674 4108 gent.;
1708 4021 1890 4089 Franciscus

505 4121 661 4210 Chanmy,
685 4135 787 4210 gent.;
814 4123 970 4189 Ricardus
985 4122 1161 4202 Arehbold‚
1176 4147 1266 4210 gen.;
1288 4122 1449 4188 lohannes
1472 4122 1630 4203 Marwatt,
1645 4149 1734 4214 gen.;
1757 4128 1888 4194 Bartho-

503 4228 624 4294 lomeus
652 4228 786 4308 Ailmer,
815 4254 905 4316 gen.;
952 4231 1116 4296 lohannes
1145 4229 1332 4318 Edrington‚
1370 4253 1522 4318 yeoman;
1556 4228 1686 4298 Carolus
1721 4235 1888 4322 Aspynall,

503 4355 654 4420 yeoman;
677 4332 814 4397 lacobus
830 4331 967 4398 Harrold
981 4347 1014 4398 et
1027 4333 1165 4399 Jacobus
1181 4331 1378 4422 Stanyhurst,
1403 4348 1435 4399 et
1457 4333 1585 4422 plurimi
1608 4334 1890 4406 alii-Recordare

503 4435 602 4514 Book,
618 4458 669 4522 pp.
685 4457 737 4522 51,
754 4457 805 4523 52,
822 4437 884 4502 and
899 4438 962 4505 also
977 4464 1032 4528 pp.
1049 4463 1099 4528 54,
1116 4463 1166 4528 55.
1844 4532 1878 4596 X
