4284 5412
954 631 996 707 ¹7

274 791 370 858 versis
385 789 502 858 Christi
515 790 660 856 fidelibus
675 789 714 858 sd
729 815 806 880 quos
820 814 945 879 presens
966 791 1117 880 scriptum
1132 793 1307 879 pervenerit
1322 830 1329 845 ·
1346 793 1447 860 Lucas
1464 793 1663 864 miseracione

275 898 383 964 divina
397 898 519 964 Dublin
534 897 783 986 archiepiscopus
798 898 929 964 salutem
944 911 1083 964 eternam
1098 899 1131 964 in
1147 899 1295 966 Domino.
1338 901 1470 968 Noverit
1480 903 1664 970 universitas

272 1019 374 1070 vestra
395 1029 451 1070 nos
466 1003 573 1069 divine
587 1002 712 1091 pietatis
727 1003 843 1069 intuitu
863 1017 896 1069 et
914 1027 999 1070 sacre
1018 1004 1179 1093 religionis
1202 1022 1333 1094 optentu
1347 1008 1387 1074 de
1402 1032 1554 1074 consensu
1576 1011 1661 1097 oapi-

273 1111 410 1176 talorum
429 1126 604 1176 nostrorum
628 1123 732 1176 sancte
748 1110 912 1176 Trinitatis
935 1127 967 1177 et
981 1111 1080 1178 sancti
1096 1111 1225 1178 Patricii
1241 1111 1363 1180 Dublin
1379 1149 1385 1164 ·
1402 1113 1442 1178 ad
1456 1113 1660 1200 presentacio-

274 1241 346 1286 nem
366 1217 479 1284 nobilis
502 1215 563 1280 viri
583 1217 703 1282 domini
723 1217 871 1284 Mauricii
890 1217 948 1282 filii
964 1218 1094 1284 Geroldi
1108 1218 1257 1284 canonice
1285 1217 1451 1284 contulisse
1474 1233 1506 1283 et
1528 1217 1663 1304 presenti

272 1321 386 1410 scripto
401 1321 596 1387 confirmasse
610 1320 740 1387 ecclesie
751 1320 904 1386 Omnium
917 1321 1102 1387 Sanctorum
1114 1320 1237 1388 Dublin
1251 1336 1283 1387 et
1293 1321 1450 1388 canonicis
1464 1321 1581 1388 ibidem
1593 1321 1663 1385 Dec

273 1426 478 1494 servientibus
506 1425 668 1492 ecclesiam
694 1426 734 1492 de
754 1426 900 1494 Techtho
932 1450 1004 1493 cum
1034 1427 1179 1493 omnibus
1209 1427 1272 1492 suis
1300 1425 1500 1515 pertinenciis
1521 1465 1527 1478 ·
1547 1425 1663 1492 eisdem

274 1533 429 1600 canonicis
444 1547 599 1600 eteorum
617 1535 842 1601 successoribus
856 1535 891 1599 in
905 1535 1046 1623 proprios
1066 1560 1139 1602 usus
1158 1535 1192 1600 in
1207 1550 1393 1624 perpetuum
1410 1534 1661 1602 convertendam.

276 1639 369 1706 Salvo
394 1639 484 1705 nobis
506 1654 539 1705 et
561 1637 787 1706 successoribus
809 1637 922 1702 nostris
941 1637 975 1702 in
998 1637 1142 1703 omnibus
1160 1637 1232 1722 jure
1247 1637 1418 1725 pontificali
1433 1651 1465 1702 et
1483 1635 1661 1724 parochiali.

273 1745 315 1810 Et
328 1761 366 1810 ut
379 1743 439 1810 heo
463 1759 567 1810 nostra
586 1743 716 1810 collacio
730 1758 763 1810 et
776 1741 975 1810 confirmacio
989 1759 1139 1831 perpetue
1154 1742 1309 1808 firmitatis
1328 1744 1424 1809 robur
1438 1741 1577 1830 optineat
1590 1765 1660 1830 pre-

273 1875 340 1916 sens
355 1849 506 1937 scriptum
520 1849 623 1936 sigillo
638 1865 743 1914 nostro
754 1873 817 1914 una
830 1872 903 1914 cum
918 1847 1028 1937 sigillis
1043 1848 1253 1936 predictorum
1268 1848 1476 1936 capitulorum
1486 1862 1662 1912 nostrorum

273 1954 498 2042 corrobo[ra]ri
513 1954 651 2021 fecimus.
696 1955 769 2020 Hiis
789 1956 919 2022 testibus
939 1993 946 2008 ·
966 1955 1060 2022 fratre
1076 1956 1214 2023 Roberto
1228 1955 1268 2020 de
1285 1954 1431 2022 Stanford
1456 1968 1531 2020 tunc
1554 1953 1661 2018 Priore

274 2075 376 2125 sancte
400 2057 565 2122 Trinitatis
589 2057 712 2123 Dublin
734 2095 740 2108 ·
761 2058 890 2124 domino
916 2057 1051 2124 Ricardo
1074 2058 1114 2124 de
1138 2058 1293 2124 Gardiner
1321 2073 1396 2126 tunc
1420 2059 1537 2126 decano
1563 2060 1661 2126 sancti

274 2166 401 2233 Patrioii
417 2165 539 2231 Dublin
555 2203 562 2216 ·
578 2163 734 2253 magistris
749 2165 887 2253 Hugone
911 2180 943 2232 et
961 2165 1124 2231 Willelmo
1143 2178 1219 2232 tuno
1233 2165 1474 2232 Archidiaconis
1488 2166 1610 2232 Dublin
1629 2183 1662 2232 et

274 2271 505 2361 Glyndelaoeu:
522 2307 528 2322 ·
544 2269 637 2336 fratre
653 2269 810 2335 Herberto
825 2281 900 2334 tuno
915 2283 1096 2357 preceptore
1112 2271 1152 2336 de
1168 2269 1315 2336 Olontarf
1325 2309 1332 2322 ·
1347 2271 1502 2360 magistris
1515 2272 1537 2338 J
1538 2271 1661 2337 ohanne

274 2379 312 2445 de
327 2378 485 2466 Chipham
507 2391 539 2443 et
561 2373 696 2442 Ricardo
716 2375 755 2441 de
773 2374 958 2464 Haverberg
972 2373 1066 2442 fisiois
1082 2415 1088 2427 ·
1105 2375 1268 2442 Willelmo
1284 2375 1428 2444 Cornub:
1451 2391 1484 2444 et
1506 2377 1660 2444 Mauricio

274 2483 392 2550 clericis
407 2499 439 2549 et
453 2482 531 2548 aliis.

333 2591 533 2678 Inspeximus
548 2588 674 2677 insuper
682 2589 786 2656 literas
800 2590 822 2655 J
823 2589 953 2656 ohannis
967 2590 1106 2680 episcopi
1115 2591 1279 2658 Olonensis
1292 2592 1326 2657 in
1340 2592 1399 2658 hec
1414 2591 1517 2657 verba.
1539 2591 1561 2656 J
1562 2590 1658 2656 ohau-

274 2723 325 2766 nes
340 2699 541 2788 permissione
556 2697 665 2764 divina
686 2714 719 2765 et
737 2698 906 2786 apostolice
921 2699 1001 2764 sedis
1015 2699 1120 2789 gracia
1135 2698 1298 2766 Olonensis
1320 2699 1483 2789 episcopus
1507 2697 1659 2787 religiosis

274 2805 346 2870 viris
361 2805 464 2871 Priori
487 2819 520 2870 et
544 2803 701 2872 canonicis
723 2805 852 2872 ecclesie
875 2803 1028 2870 Omnium
1055 2805 1239 2872 Sanctorum
1259 2805 1356 2891 juxta
1378 2803 1500 2870 Dublin
1528 2804 1658 2869 salutern

273 2911 406 3000 greciam
421 2926 453 2977 et
466 2911 726 2978 benedictionem.
772 2911 885 2979 Sancte
908 2912 1067 3001 religionis
1081 2912 1250 3001 puritatem
1267 2935 1328 2998 que
1342 2911 1377 2976 in
1400 2927 1501 2977 vostro
1515 2911 1659 2977 Prioratu

271 3018 375 3084 sedule
389 3017 496 3106 vigere
512 3017 682 3084 dinoscitur
696 3019 793 3108 digno
808 3038 1028 3108 propensantes
1043 3021 1157 3087 affectu
1173 3060 1180 3075 ·
1196 3045 1319 3087 necnon
1333 3033 1365 3086 et
1379 3020 1499 3086 cultum
1514 3019 1658 3085 divinum

273 3126 371 3192 modis
386 3126 499 3211 quibus
514 3124 684 3213 poterimus
697 3126 803 3215 gracia
817 3127 950 3215 desuper
968 3127 1058 3193 nobis
1072 3127 1195 3194 favente
1214 3150 1395 3194 conservare
1414 3139 1446 3192 et
1460 3139 1658 3213 augmentare

273 3247 374 3298 mente
384 3232 498 3297 devota
510 3230 671 3319 cupientes
682 3269 688 3282 ·
699 3232 860 3298 ecclesiam
869 3233 908 3299 dc
920 3233 1004 3298 Rath
1018 3234 1053 3298 in
1065 3233 1243 3322 Omachilly
1258 3247 1361 3298 nostre
1370 3231 1525 3298 dioceseos
1541 3268 1547 3281 ·
1564 3255 1657 3316 quam

272 3337 303 3402 in
324 3339 466 3426 proprios
483 3361 557 3402 usus
576 3361 618 3402 ex
633 3336 804 3404 donacione
825 3353 858 3404 et
878 3339 1074 3405 concessione
1095 3339 1210 3405 nobilis
1228 3338 1290 3404 viri
1304 3336 1423 3403 domini
1439 3335 1585 3402 Mauricii
1600 3335 1657 3400 filii

273 3441 418 3508 Mauricii
432 3440 490 3506 filii
506 3440 634 3506 Geraldi
648 3465 748 3529 nuper
771 3441 854 3508 dicte
877 3442 1005 3509 ecclesie
1028 3443 1151 3530 patroni
1173 3444 1355 3510 auctoritate
1378 3444 1459 3509 bone
1476 3443 1655 3531 [memorie]

274 3547 392 3612 domini
402 3545 548 3612 Nicholai
560 3545 722 3612 Clonensis
734 3547 872 3636 episcopi
881 3548 1104 3636 predecessoris
1118 3550 1215 3616 nostri
1226 3551 1260 3616 in
1271 3575 1308 3616 ea
1318 3564 1404 3638 parte
1415 3549 1656 3618 interveniente·

274 3652 587 3738 concurrentibusque
611 3653 754 3719 omnibus
770 3677 830 3739 que
846 3653 966 3740 dejure
987 3653 1224 3740 requirebantur
1242 3656 1276 3721 in
1290 3656 1349 3722 hac
1366 3671 1453 3744 parte
1476 3683 1495 3724 a
1518 3673 1656 3748 tempore

275 3779 362 3842 aquo
373 3778 438 3819 non
450 3769 539 3821 extat
546 3755 696 3822 memoria
711 3755 887 3844 possedistis
901 3794 907 3807 ·
920 3757 1008 3823 vobis
1023 3772 1055 3824 et
1065 3760 1290 3827 successoribus
1304 3761 1413 3826 vestris
1427 3761 1461 3827 in
1471 3781 1657 3853 perpetuum

274 3861 469 3928 concedimus
483 3887 556 3929 cum
571 3863 715 3930 omnibus
733 3863 796 3929 suis
805 3864 931 3950 juribus
951 3882 984 3931 et
997 3867 1197 3954 pertinenciis
1217 3868 1369 3935 universis
1385 3908 1392 3920 ·
1408 3869 1489 3938 siout
1502 3887 1534 3938 et
1548 3891 1655 3960 quate·

274 3989 328 4032 nus
337 3967 453 4033 dictam
467 3968 629 4034 ecclesiam
637 3969 787 4036 hactenus
799 3972 975 4059 possedistis
990 3974 1118 4061 pacifice
1133 3990 1165 4041 et
1179 3975 1284 4062 quiete
1297 4015 1304 4029 ·
1320 3977 1480 4070 ipsamque
1494 3981 1654 4050 ecclesiam

274 4069 309 4137 de
324 4071 409 4138 Rath
424 4071 580 4139 Prioratui
599 4089 701 4141 vestro
725 4077 865 4166 predicto
888 4103 945 4168 pro
964 4096 1115 4170 perpetuo
1134 4083 1306 4171 pontificali
1324 4089 1506 4154 auctoritate
1529 4089 1654 4155 unimus

275 4177 463 4243 annectimus
485 4193 517 4246 et
539 4179 766 4248 consolidamus
780 4183 897 4250 sactum
916 4187 1138 4273 predecessoris
1160 4189 1258 4256 nostri
1281 4193 1430 4260 antedicti
1444 4194 1478 4259 in
1500 4195 1655 4283 premissis

275 4283 495 4349 confirmantes.
539 4284 633 4353 Salva
657 4289 747 4356 nobis
770 4306 802 4357 et
823 4293 1049 4361 successoribus
1077 4297 1189 4363 nostris
1212 4299 1380 4368 collacione
1402 4315 1435 4368 et
1456 4303 1653 4370 ordinacione

275 4385 382 4454 vicarie
401 4389 530 4456 ecclesie
549 4394 705 4462 antedicte
720 4397 1002 4486 quocienscumque
1025 4401 1156 4470 eandem
1171 4429 1280 4474 vacare
1294 4408 1468 4498 contigerit.
1512 4410 1551 4475 In
1566 4411 1654 4495 cujus

312 4514 401 4561 tarsu
417 4516 513 4562 saca.
529 4518 592 4565 soc.
613 4523 660 4566 10.
947 4508 978 4572 D
1607 4516 1653 4580 rci
