4284 5412
962 595 1007 688 ⁶3

282 775 400 842 nenciis
420 776 483 842 suis
501 776 535 840 in
558 786 736 840 tenemento
751 771 791 840 de
806 773 987 863 Kylmellsn
1002 773 1035 837 in
1055 796 1165 861 puram
1184 785 1217 838 et
1239 787 1420 862 perpetuam
1444 777 1643 844 elemosinam
1661 817 1667 830 ·

284 883 326 948 itc
340 882 567 970 perambulatas
581 893 614 946 et
627 893 817 947 mensuratas
840 881 921 946 sicut
940 903 991 946 eas
1010 903 1159 966 umquem
1178 880 1289 946 melius
1303 883 1426 970 plenius
1444 897 1476 950 et
1494 884 1622 951 liberius
1637 885 1670 949 in

284 989 386 1074 aliquo
409 1002 549 1076 tempore
573 985 661 1052 tenui
678 983 858 1050 -habendas
881 998 914 1051 et
935 985 1085 1050 tenendas
1100 985 1139 1050 de
1162 1007 1214 1050 me
1234 999 1266 1050 et
1279 986 1446 1054 heredibus
1464 990 1541 1055 meis
1560 989 1670 1057 sibiet

284 1093 506 1160 sumtibus
528 1091 591 1158 suis
605 1091 702 1158 libere
726 1091 831 1177 quiete
853 1090 974 1179 integre
998 1104 1031 1157 et
1045 1090 1183 1178 plenarie
1207 1091 1336 1178 pacifice
1359 1107 1392 1159 et
1405 1093 1574 1162 honorifice
1597 1121 1670 1162 cum

284 1199 425 1265 omnibus
439 1198 634 1264 libertatibus
648 1209 681 1263 et
694 1196 800 1264 liberis
815 1197 1092 1264 consuetudinibus
1112 1198 1152 1263 ad
1166 1198 1320 1287 predictos
1335 1225 1419 1266 acras
1433 1201 1668 1290 pertinentibus.

344 1307 416 1394 Ego
431 1329 505 1372 vero
520 1304 663 1370 Matildis
677 1317 710 1370 et
723 1305 853 1371 heredes
867 1305 930 1371 mei
944 1305 1043 1371 dictas
1059 1330 1143 1372 acras
1162 1330 1235 1373 cnm
1256 1331 1363 1372 esrum
1378 1307 1576 1396 pertinenciis
1590 1309 1671 1372 sicut

284 1413 456 1502 predictum
478 1427 524 1480 est
538 1375 664 1502 delatis
679 1413 780 1478 Priori
795 1426 827 1479 et
846 1414 1015 1480 conventui
1031 1427 1138 1480 contre
1161 1438 1267 1480 omnes
1282 1414 1424 1481 homines
1447 1429 1479 1481 et
1492 1413 1621 1480 feminas
1635 1415 1669 1479 in

283 1533 465 1608 perpetuum
476 1519 613 1608 plenarie
628 1519 905 1586 warentizabimu's.
951 1519 995 1585 Et
1005 1532 1042 1585 ut
1052 1520 1111 1586 hec
1126 1543 1195 1586 mes
1209 1521 1365 1587 concessio
1380 1536 1412 1586 et
1423 1521 1572 1609 presentis
1586 1535 1669 1586 carto

284 1625 479 1692 confirmacio
502 1639 650 1714 perpetue
669 1625 824 1692 firmitatis
849 1628 944 1692 robur
969 1626 1131 1716 optineant
1154 1643 1329 1715 presentem
1354 1641 1470 1694 cartam
1493 1627 1588 1716 sigilli
1607 1628 1669 1692 mei

284 1731 482 1822 impressione
507 1733 659 1799 roboravi.
708 1733 781 1800 Hiis
803 1735 934 1800 testibus
956 1734 1141 1801 ·Willelmo
1163 1735 1296 1802 Bossard
1317 1774 1324 1786 ·
1345 1735 1489 1801 Galfrido
1513 1737 1668 1801 Bossard·

280 1839 441 1905 Willelmo
450 1839 489 1904 dc
504 1839 588 1905 Rath
599 1840 725 1927 juniore
742 1879 748 1890 ·
767 1839 926 1928 Stephano
936 1839 1055 1907 Edrich
1083 1881 1089 1892 ·
1121 1841 1262 1907 Waltero
1276 1841 1396 1908 Fublee
1410 1879 1416 1892 ·
1430 1839 1584 1907 Nicholao
1598 1842 1666 1906 Ab·

282 1945 335 2010 bot
347 1983 353 1995 ·
367 1944 510 2010 Gilberto
524 1944 554 2010 le
571 1944 687 2034 Specer
699 1985 705 1997 ·
717 1947 865 2034 magistro
877 1946 1045 2034 Radulpho
1060 1946 1099 2012 de
1117 1946 1245 2035 Strigoil
1260 1947 1372 2014 clerico
1387 1947 1442 2033 qui
1457 1947 1537 2013 hanc
1552 1961 1668 2012 cartam

282 2050 456 2139 composuit
470 2064 502 2117 et
516 2051 593 2115 aliis.

902 2301 1046 2374 LXIX.

603 2491 660 2564 nr
678 2509 744 2562 uus
762 2507 832 2562 sou
850 2507 939 2581 propt
956 2486 1164 2561 sulcaturum
1183 2487 1344 2575 cinctas.

376 2677 517 2744 Niversis
540 2690 644 2743 sancte
669 2677 774 2742 metris
798 2676 927 2742 ecclesie
942 2675 1014 2740 filiis
1034 2673 1073 2741 ed
1088 2697 1165 2760 quos
1181 2697 1305 2760 p1esens
1327 2674 1475 2762 scriptum
1491 2679 1667 2765 pervenerit

399 2784 551 2850 Ricardus
563 2783 648 2848 Ruffi
663 2783 795 2848 salutem
805 2781 840 2845 in
849 2781 997 2846 Domino.
1030 2782 1086 2846 Ad
1101 2781 1311 2847 univcrsitatis
1322 2797 1422 2848 vestre
1433 2783 1582 2850 noticiam
1595 2786 1667 2851 volo

272 2891 444 2978 pervenire
459 2915 509 2956 me
524 2889 631 2955 divine
646 2887 769 2976 pietatis
784 2901 816 2953 et
830 2887 966 2954 caritatis
980 2887 1098 2953 intuitu
1113 2887 1152 2953 de
1166 2911 1319 2953 consensu
1333 2903 1365 2954 et
1380 2913 1503 2955 assensu
1517 2891 1668 2957 heredum

266 3016 421 3064 tneorum
432 2996 552 3062 dedisse
567 3008 599 3060 et
614 2994 797 3060 concessisse
812 2993 882 3060 Deo
897 3007 929 3059 et
943 2992 1071 3059 ecclesie
1083 2993 1236 3059 Omnium
1247 2993 1431 3060 Sanctorum
1441 3021 1454 3081 J
1459 3013 1537 3062 uxta
1548 2997 1669 3063 Dublin

264 3117 312 3168 et
325 3102 482 3170 canonicis
496 3101 614 3167 ibidem
630 3101 699 3166 Deo
723 3099 930 3166 servientibus
947 3151 952 3163 .
969 3124 1025 3187 pro
1049 3099 1146 3164 salute
1171 3099 1273 3165 anime
1296 3124 1365 3166 mee
1389 3116 1614 3168 antecessorum
1638 3119 1669 3170 et

279 3234 488 3278 successorum
512 3233 653 3274 meorum
673 3208 707 3272 in
721 3231 831 3296 puram
854 3220 886 3273 et
900 3221 1083 3295 perpetuam
1103 3207 1304 3273 elemosinam
1321 3247 1327 3259 ·
1343 3233 1442 3274 umun
1466 3235 1567 3275 seram
1590 3227 1668 3277 terre

282 3343 348 3384 mec
363 3317 540 3407 proximem
555 3314 683 3382 ecclesie
698 3315 737 3382 de
750 3315 887 3403 Cloyrsn
903 3338 1009 3380 versus
1024 3313 1210 3401 aquilonem.

344 3423 389 3488 Et
407 3435 444 3487 ut
457 3422 516 3489 hec
537 3445 607 3487 mea
621 3421 752 3487 donacio
773 3435 806 3486 et
826 3420 983 3486 concessio
1004 3433 1071 3485 rata
1091 3433 1124 3484 et
1137 3418 1227 3483 firma
1241 3419 1275 3482 in
1290 3432 1474 3506 perpetuum
1488 3433 1666 3506 permaneat

282 3527 372 3593 dictis
393 3527 521 3594 ecclesie
543 3540 576 3593 et
596 3526 753 3593 canonicis
767 3527 903 3614 presenti
922 3527 1037 3615 scripto
1051 3525 1189 3615 sigillum
1204 3549 1310 3590 meum
1325 3525 1456 3614 dignum
1476 3525 1556 3590 duxi
1572 3550 1666 3614 appo-

281 3630 427 3696 nendum.
472 3629 545 3693 Hiis
567 3629 697 3694 testibus
714 3667 720 3680 ·
736 3629 898 3694 Willelmo
917 3629 1028 3718 Feypo
1044 3668 1050 3680 ·
1067 3628 1256 3718 Ingemcldo
1276 3628 1408 3694 Bosssrd
1425 3667 1430 3680 ·
1446 3629 1608 3696 Willelmo
1628 3633 1666 3697 de

281 3738 396 3804 Frenes
413 3776 419 3788 ·
436 3736 576 3802 Waltero
592 3735 630 3801 de
646 3736 747 3800 Fuble
764 3773 770 3786 ·
786 3734 950 3802 Willelmo
966 3735 1184 3803 Berthelemeb
1199 3750 1231 3802 et
1245 3733 1351 3800 multis
1366 3735 1442 3800 aliis.
