4284 5412
1136 647 1182 720 50

466 808 555 874 Prior
569 821 681 896 petunt
694 807 857 874 licenciam
877 805 1086 873 concordandi
1101 818 1133 870 et
1146 805 1272 870 habent.
1316 803 1361 868 Et
1375 801 1532 890 predictus
1547 801 1638 867 Prior
1651 822 1709 887 pro
1722 796 1854 864 licencia

465 916 673 982 concordandi
696 916 801 1005 perpl:
824 914 1036 1004 predictorum
1054 913 1210 980 Willelmi
1231 924 1264 978 et
1282 911 1413 979 Roberti
1438 910 1492 997 qui
1514 909 1633 975 solvere
1656 906 1773 972 debent
1788 942 1795 955 ·
1812 904 1855 968 Et

466 1036 512 1087 est
526 1022 691 1088 concordia
709 1022 778 1087 talis
798 1021 883 1108 quod
901 1021 1059 1109 predictus
1073 1019 1254 1086 Willelmus
1278 1018 1427 1106 cognovit
1446 1015 1622 1104 predictum
1641 1023 1855 1080 tenementum

466 1154 530 1195 esse
541 1131 594 1217 jus
609 1129 725 1195 Prioris
748 1141 781 1195 et
799 1128 928 1195 ecclesie
951 1153 1005 1195 sue
1020 1128 1159 1216 predicte
1183 1141 1215 1194 et
1231 1128 1286 1192 illa
1308 1125 1338 1193 ei
1353 1126 1490 1192 reddidit
1507 1126 1541 1190 in
1556 1125 1665 1190 eadem
1688 1121 1775 1188 curia
1791 1158 1798 1170 ·
1814 1120 1858 1185 Et

466 1261 523 1324 pro
533 1236 592 1302 hae
603 1236 769 1302 concordie
779 1248 812 1302 et
821 1236 1000 1303 reddicione
1010 1237 1169 1325 predictus
1176 1236 1267 1302 Prior
1274 1235 1395 1302 remisit
1403 1231 1711 1322 predictoWillelmc
1723 1229 1857 1316 dampna

467 1365 528 1427 que
543 1341 702 1408 occasione
714 1341 873 1407 disseisine
887 1341 1035 1406 sustinuit
1045 1380 1052 1393 ·
1063 1341 1108 1406 Et
1118 1339 1261 1406 similiter
1274 1337 1426 1405 concessit
1437 1336 1522 1425 quod
1533 1333 1692 1424 predictus
1703 1333 1857 1396 Robertus

467 1446 565 1512 Rowe
579 1445 693 1511 habeat
706 1459 864 1511 vecturam
879 1445 1010 1512 dimidie
1030 1469 1100 1511 acre
1114 1455 1195 1510 terre
1209 1467 1294 1510 nunc
1308 1444 1349 1508 de
1361 1443 1520 1508 frumento
1535 1441 1684 1507 seminate
1699 1441 1733 1505 in
1748 1439 1856 1506 eodem

468 1563 646 1618 tenemento
663 1589 669 1602 ·
685 1552 736 1618 Ita
749 1551 835 1637 qnod
848 1551 888 1618 ad
902 1551 1084 1639 proximum
1098 1550 1268 1617 terminum
1281 1562 1465 1616 consuetum
1480 1549 1580 1614 solvat
1604 1547 1679 1614 inde
1700 1546 1857 1614 redditum

469 1680 525 1742 pro
540 1656 685 1744 porcione
700 1657 841 1724 debitum
856 1672 889 1724 et
902 1658 1032 1724 ulterius
1046 1658 1086 1725 de
1100 1671 1182 1725 terra
1196 1659 1251 1726 illa
1264 1683 1296 1725 se
1310 1683 1374 1724 non
1389 1658 1586 1724 intromittat.

534 1908 629 1975 Liber
653 1909 711 1976 iste
735 1909 875 1976 continet
888 1909 1052 1999 sexaginte
1066 1909 1205 1996 quinque
1219 1907 1294 1975 solia
1315 1923 1380 1974 tam
1403 1909 1517 1998 scripta
1540 1933 1634 1996 quam
1657 1933 1720 1974 non
1746 1907 1857 1994 scripta

471 2039 552 2079 anno
567 2014 696 2081 Domini
716 2039 793 2102 1553
811 2039 943 2103 quorum
957 2013 1186 2102 quinquaginta
1199 2035 1313 2078 novem
1328 2025 1401 2077 sunt
1415 2013 1536 2100 scripta.
1615 2086 1618 2097 Δ

1091 2362 1234 2434 XLIX

474 2548 758 2623 sarranates
780 2547 889 2638 Recta
911 2549 1054 2640 {comt
1080 2553 1116 2620 tr
1137 2545 1336 2636 matutina!
1367 2564 1435 2619 taut
1466 2545 1648 2629 mutatas
1678 2546 1750 2620 sats
1778 2549 1858 2620 tarta

474 2646 648 2722 &mnibus
666 2649 818 2732 §antlia

524 2839 556 2902 N
571 2837 697 2903 nomine
713 2851 817 2903 sancte
832 2851 864 2903 et
877 2837 1042 2904 individue
1054 2835 1219 2903 Trinitatis
1233 2835 1329 2924 patris
1349 2849 1381 2901 ct
1394 2835 1451 2901 filii
1467 2849 1499 2900 et
1513 2833 1639 2923 spiritus
1653 2837 1751 2903 sancti
1768 2875 1775 2888 ·
1792 2837 1861 2925 Ego

547 2941 736 3008 Diarmicius
750 2941 822 3006 Rex
838 2941 1079 3030 Lngeniensium
1094 2966 1151 3028 pro
1166 2941 1228 3007 Dei
1243 2965 1347 3008 amore
1370 2955 1404 3008 et
1425 2942 1528 3007 anime
1542 2964 1611 3006 mee
1634 2941 1732 3008 salute
1748 2943 1861 3010 donavi

474 3063 506 3116 et
519 3047 634 3115 tradidi
649 3047 802 3136 spirituali
817 3048 898 3135 patri
912 3064 945 3113 et
963 3048 1128 3114 confessori
1143 3072 1214 3114 meo
1229 3047 1341 3113 Edano
1357 3047 1547 3136 Lugwdsnsi
1562 3046 1708 3137 episcopo
1730 3050 1771 3115 ad
1786 3075 1862 3138 opus

474 3156 694 3224 canonicorum
708 3155 837 3221 ecclesie
852 3155 916 3222 filie
931 3155 1006 3220 Zole
1021 3169 1053 3221 et
1067 3179 1276 3222 successorum
1292 3179 1400 3220 eorum
1414 3167 1527 3220 terram
1539 3153 1694 3239 quandam
1710 3178 1771 3241 que
1786 3156 1862 3222 dici-

475 3279 526 3328 tur
541 3259 753 3348 Balidubgaill
767 3282 840 3324 curn
858 3258 1038 3325 hominibus
1060 3258 1122 3324 suis
1139 3297 1146 3310 ·
1162 3259 1281 3325 scilicet
1296 3258 1412 3324 Melisu
1424 3256 1628 3324 Macfeilecan
1650 3282 1722 3323 cum
1737 3259 1809 3324 filiis
1832 3274 1863 3324 et

475 3368 642 3456 nepotibus
656 3366 719 3431 suis
730 3365 843 3431 liberor
857 3379 890 3432 et
900 3366 1055 3432 absolutos
1070 3365 1319 3453 aproouracione
1334 3379 1366 3432 et
1376 3363 1583 3453 expedicione
1597 3388 1667 3430 mea
1681 3381 1713 3430 et
1723 3366 1863 3430 omnium

478 3479 511 3542 in
518 3476 670 3564 regimine
676 3475 814 3564 Lagenie
823 3476 1021 3544 etDublinne
1031 3477 1109 3543 mihi
1116 3478 1579 3565 succedenciuminperpetuam
1585 3476 1784 3542 elemosinam
1792 3501 1863 3542 cum

477 3582 626 3671 legitimis
640 3595 672 3648 et
686 3581 822 3668 antiquis
841 3582 980 3648 terminis
995 3597 1027 3650 et
1041 3584 1186 3652 omnibus
1201 3583 1269 3649 aliis
1283 3583 1323 3650 ad
1338 3583 1469 3650 eandem
1484 3581 1592 3647 villam
1607 3582 1840 3669 pertinentibus.

542 3687 621 3752 Inde
636 3687 780 3754 omnibus
795 3687 1041 3778 Lageniensibus
1054 3703 1087 3755 et
1101 3689 1360 3756 Dubliniensibus
1374 3687 1568 3778 presentibus
1583 3701 1615 3754 et
1624 3689 1736 3754 futuris
1750 3689 1863 3754 mando

479 3806 511 3858 et
521 3793 650 3857 firmiter
664 3791 803 3880 precipio
817 3805 854 3858 ut
867 3791 1008 3878 predicto
1019 3792 1176 3880 Episcopo
1192 3805 1224 3858 et
1234 3792 1391 3860 canonicis
1401 3793 1464 3859 suis
1475 3804 1626 3858 eteorum
1642 3794 1864 3862 successoribus

479 3900 513 3963 in
524 3897 642 3986 prefata
655 3898 785 3963 ecclesia
802 3898 1008 3964 servientibus
1022 3898 1268 3986 prenominatam
1283 3914 1397 3965 terram
1411 3899 1588 3965 habendam
1602 3912 1634 3976 et
1648 3899 1864 3987 possidendam

479 4006 513 4069 in
528 4017 714 4092 perpetuum
733 4027 806 4069 cum
828 4005 913 4070 omni
927 4004 1069 4073 libertate
1089 4006 1155 4072 sine
1179 4007 1284 4093 aliqua
1298 4006 1489 4072 decimarum
1512 4007 1676 4072 exactione
1691 4006 1725 4070 in
1739 4031 1815 4094 pace
1834 4023 1865 4070 et

480 4112 597 4176 honore
613 4108 693 4176 siout
708 4107 819 4174 melius
840 4121 872 4174 et
892 4108 1104 4176 honorabilius
1129 4109 1255 4196 aliquod
1269 4107 1439 4196 collegium
1460 4108 1679 4175 canonicorum
1693 4107 1746 4174 vel
1759 4133 1865 4174 mona-

480 4217 610 4282 chorum
635 4213 669 4278 in
693 4211 847 4278 Hibernia
871 4213 988 4301 regiam
1013 4213 1213 4282 elemosinam
1238 4216 1356 4282 habent
1379 4215 1484 4302 quiete
1504 4216 1663 4282 dimittant
1688 4230 1719 4283 et
1740 4241 1813 4284 eum
1835 4232 1867 4282 et

481 4319 668 4388 antedictam
679 4315 840 4384 ecclesiam
851 4341 923 4382 cum
939 4318 1082 4385 omnibus
1093 4319 1272 4390 horninibus
1283 4321 1371 4388 terris
1386 4336 1419 4388 et
1428 4323 1669 4411 possessionibus
1684 4327 1746 4394 suis
1757 4353 1865 4394 manu-

481 4441 607 4497 teneant
621 4441 653 4493 et
667 4427 706 4493 ab
722 4424 807 4492 omni
821 4424 936 4510 injuria
951 4426 1126 4496 defendant.

1821 4539 1864 4603 Et
