4368 5408
999 605 1037 678 lv

314 783 354 848 de
368 782 474 872 gracia
487 797 593 850 nostra
607 785 734 873 speciali
750 807 787 852 ac
800 807 843 852 ex
857 800 942 853 certa
956 787 1091 856 sciencia
1104 802 1137 855 et
1147 811 1233 854 mero
1248 801 1336 854 motu
1350 789 1463 855 nasum
1477 815 1512 856 ac
1527 815 1583 878 pro
1597 791 1704 858 lauda·

314 887 371 954 bili
390 903 422 956 et
440 889 624 975 obsequioso
645 887 776 956 servicio
799 889 1031 978 grandibusque
1054 889 1201 958 oneribus
1222 905 1254 958 et
1276 892 1422 979 expensis
1443 916 1499 980 per
1521 893 1651 960 dilectos
1673 909 1705 960 et

315 996 421 1064 fideles
435 997 576 1064 subditos
591 1011 710 1062 nostros
725 997 875 1083 majorem
889 998 1021 1065 bellivos
1035 999 1120 1064 cives
1134 1012 1167 1064 et
1180 997 1437 1064 communitatem
1451 997 1586 1064 civitatis
1600 1013 1704 1064 nostre

318 1104 471 1170 Dublinie
492 1103 527 1168 in
548 1117 630 1170 terra
651 1119 756 1172 nostra
778 1104 932 1172 Hibernia
951 1105 1002 1170 viz
1024 1106 1140 1172 dictam
1155 1105 1316 1172 civitatem
1330 1121 1467 1173 nostram
1481 1132 1582 1196 nuper
1595 1121 1703 1176 contra

315 1225 348 1275 et
361 1211 507 1276 adversus
522 1209 724 1298 proditoriam
740 1207 965 1276 obsidioionem
985 1225 1017 1277 et
1034 1211 1175 1278 crudeles
1189 1212 1323 1278 insultus
1336 1212 1475 1301 ipsorum
1489 1214 1703 1302 nephandissi-

313 1339 436 1382 morum
458 1316 652 1404 proditorum
674 1315 798 1382 Thome
814 1317 866 1382 fita
882 1315 1015 1383 Gerrsld
1037 1317 1340 1406 consanguineorum
1358 1333 1391 1386 et
1412 1319 1614 1408 complicium
1629 1345 1700 1388 suo-

314 1447 382 1488 rum
397 1440 462 1488 tam
477 1445 534 1510 per
546 1421 661 1488 famem
676 1436 708 1486 et
721 1421 845 1510 vigilias
859 1445 954 1508 quam
974 1445 1030 1510 per
1047 1422 1254 1512 plurimorum
1273 1423 1429 1490 dictorum
1451 1424 1698 1492 inhabitancium

313 1528 472 1616 sanguinis
497 1528 681 1594 effusionem
703 1542 834 1594 cruenta
855 1529 987 1594 vulnera
1008 1544 1042 1596 et
1065 1529 1274 1596 miserabilem
1297 1543 1330 1596 et
1357 1530 1591 1598 lamentabilem
1617 1533 1699 1600 occi·

312 1635 431 1701 sionem
453 1649 577 1702 suenus
598 1650 631 1702 et
651 1635 785 1701 viriliter
803 1636 1000 1702 defendendo
1023 1661 1059 1704 ac
1084 1637 1174 1704 aliter
1196 1636 1413 1725 multipliciter
1433 1651 1525 1706 antea
1546 1653 1580 1706 et
1601 1639 1703 1706 indies

312 1740 402 1808 nobis
419 1741 561 1830 impenso
575 1754 607 1807 et
623 1741 720 1827 juxta
733 1741 781 1806 sui
800 1741 896 1808 officii
913 1741 1056 1810 debitum
1071 1743 1276 1832 imposterum
1290 1743 1503 1832 impendendo
1519 1768 1525 1783 ·
1543 1745 1700 1812 Dedimus

313 1847 519 1913 concessimus
542 1870 578 1912 ac
603 1870 660 1934 per
684 1861 841 1934 presentes
870 1847 980 1912 damus
1005 1861 1038 1914 et
1060 1847 1261 1914 concedimus
1285 1869 1342 1934 pro
1365 1847 1456 1914 nobis
1478 1849 1647 1918 heredibus
1670 1868 1703 1920 et

312 1953 537 2020 successoribus
565 1952 678 2018 nostris
700 1952 811 2038 mejeri
837 1952 962 2019 ballivis
987 1953 1110 2021 civibus
1135 1967 1169 2020 et
1196 1953 1415 2022 communitati
1439 1954 1575 2022 civitatis
1598 1975 1702 2026 nostre

310 2059 449 2126 Dubline
482 2058 622 2147 predicte
654 2081 852 2144 quocumque
885 2058 1013 2126 nomine
1039 2060 1091 2126 vel
1119 2059 1287 2128 addicirme
1311 2060 1447 2128 nominis
1473 2067 1702 2152 corporaeionis

312 2164 438 2230 nomine
451 2164 504 2230 vel
522 2161 702 2228 nominibus
718 2163 753 2226 in
767 2161 924 2247 aliquibus
945 2161 1044 2229 literis
1067 2165 1247 2252 patentibus
1268 2167 1444 2254 aliquorum
1466 2174 1701 2260 progenitorum

307 2288 532 2338 anoecessorum
546 2270 613 2337 sive
627 2269 878 2358 predecessorum
901 2285 1076 2338 nostrorum
1091 2273 1142 2338 vel
1163 2275 1253 2340 aliter
1267 2273 1327 2363 ipsi
1346 2275 1398 2341 vel
1412 2275 1525 2363 aliquis
1539 2301 1648 2345 eorum
1663 2281 1697 2346 in

315 2378 431 2444 eisdem
446 2377 543 2444 literis
556 2374 736 2464 patentibus
750 2397 806 2440 seu
824 2396 932 2440 enum
953 2374 1059 2462 aliqua
1080 2399 1135 2442 seu
1150 2375 1240 2442 aliter
1262 2376 1499 2466 incorporentur
1521 2397 1705 2448 censeantur

315 2499 535 2573 nuncupentur
555 2507 610 2550 seu
639 2495 839 2570 nuncupetur
867 2494 966 2547 totam
995 2482 1125 2548 domum
1146 2481 1242 2548 situm
1271 2483 1424 2550 ambitum
1453 2499 1486 2552 et
1510 2487 1703 2574 procinctum

315 2591 468 2678 prioratus
490 2589 556 2655 sive
580 2589 691 2654 domus
714 2585 859 2675 religiose
882 2587 1036 2654 Omnium
1061 2589 1247 2654 Sanctorum
1266 2590 1362 2674 juxta
1384 2589 1543 2657 civitatem
1567 2609 1703 2658 nostram

315 2696 436 2764 Dublin
462 2696 496 2762 in
519 2711 601 2763 terra
625 2709 730 2761 nostra
753 2694 907 2762 Hibernis
935 2719 1133 2783 quocumque
1148 2697 1275 2763 nomine
1300 2697 1496 2764 fundacionis
1518 2699 1570 2766 vel
1595 2725 1703 2790 corpo-

315 2802 445 2868 reeionis
460 2802 526 2869 sive
540 2802 651 2867 domus
669 2799 813 2889 religiose
835 2801 976 2889 predicta
996 2817 1180 2869 censeantur
1200 2802 1372 2868 fundantur
1392 2803 1629 2893 incorporantur
1648 2831 1702 2874 seu

316 2907 510 2994 appellantur
538 2929 574 2972 ac
610 2918 708 2970 totam
737 2905 899 2971 ecclesiam
928 2907 1102 2994 campanile
1130 2922 1163 2974 et
1197 2908 1389 2975 cemiterium
1425 2911 1565 2996 ejusdem
1602 2937 1702 3004 nuper

315 3013 468 3099 prioratus
491 3012 558 3080 sive
581 3012 692 3078 domus
710 3011 855 3100 religiose
877 3014 1016 3101 predicte
1033 3039 1039 3054 ·
1056 3015 1124 3082 Nec
1146 3040 1210 3081 non
1235 3017 1341 3082 omnia
1368 3020 1507 3086 maneria
1528 3024 1702 3113 messuagia

316 3133 409 3185 terras
438 3131 616 3186 tenementa
643 3117 784 3184 redditus
812 3117 1003 3186 reversiones
1031 3134 1065 3186 et
1092 3120 1222 3188 servicia
1250 3122 1430 3191 molendina
1464 3141 1552 3214 prata
1588 3152 1701 3216 pascua

315 3241 453 3314 pasturas
467 3227 560 3292 silvas
573 3227 682 3292 boscos
703 3227 870 3293 subboscos
891 3228 1001 3294 domos
1022 3227 1146 3296 edificia
1166 3231 1310 3318 grangias
1332 3255 1420 3298 orrea
1439 3233 1561 3300 stabula
1581 3235 1699 3301 colum-

315 3333 401 3398 baria
439 3333 584 3422 piscarias
618 3334 769 3400 warrenia
803 3335 978 3403 annuitates
1003 3359 1098 3424 aquas
1135 3351 1245 3426 stagna
1277 3340 1422 3406 rectoriae
1451 3341 1580 3408 vicarias
1608 3343 1700 3410 feoda

313 3437 449 3503 militurn
489 3437 711 3504 advocationes
748 3450 928 3524 patronatus
970 3441 1170 3508 ecclesiarum
1206 3443 1395 3531 capellarum
1429 3462 1462 3512 et
1490 3451 1696 3518 cantariarum

314 3567 580 3631 quarumcumque
614 3546 781 3633 pencioues
816 3547 979 3635 porciones
1014 3550 1151 3617 decimas
1189 3552 1364 3619 oblaciones
1399 3555 1501 3621 curiae
1528 3558 1605 3624 letas
1632 3566 1699 3628 visa

313 3649 513 3738 fransiplegie
537 3673 573 3715 ac
598 3649 811 3737 perquisiones
844 3666 876 3717 ct
909 3651 1048 3740 proficua
1073 3655 1243 3722 earundem
1265 3681 1301 3723 ac
1323 3659 1428 3726 omnia
1450 3661 1511 3727 alis
1531 3664 1605 3749 jura
1628 3691 1697 3754 pos-

314 3756 461 3820 sessiones
476 3767 509 3821 et
526 3755 773 3822 hereditamenta
792 3779 988 3843 quecumque
1009 3771 1074 3825 tam
1096 3759 1269 3848 spirimalie
1289 3787 1384 3850 quam
1397 3769 1581 3856 temporalia
1595 3773 1699 3858 cnjus-

313 3885 448 3948 cumque
462 3863 584 3950 generis
601 3877 710 3928 nature
725 3863 788 3928 sint
801 3887 856 3930 seu
871 3865 985 3953 speciei
1000 3881 1033 3932 et
1053 3867 1302 3958 quibuscumque
1323 3873 1502 3941 nominibus
1516 3895 1699 3945 censeantur

313 3971 363 4036 vel
381 3986 608 4059 cognoscantur
636 3995 708 4037 cum
733 3973 877 4040 omnibus
899 3985 932 4039 et
955 3973 1086 4064 singulis
1109 4000 1217 4042 eorum
1235 3979 1361 4065 juribus
1381 3983 1528 4051 membris
1550 3999 1582 4051 et
1603 3987 1698 4074 perti·

313 4076 431 4143 nenciis
455 4076 489 4140 in
512 4077 711 4142 comitatibus
739 4080 851 4144 nostris
882 4080 1015 4160 Dublin,
1046 4082 1156 4160 Midie‚
1178 4084 1328 4166 Killdare,
1359 4089 1476 4166 Louth‚
1503 4089 1696 4179 Tipperan‘e,

312 4183 485 4272 Kilkenny,
508 4195 540 4249 et
568 4182 644 4249 alibi
671 4183 863 4273 ubicumque
891 4187 974 4254 infra
1002 4203 1115 4256 terram
1142 4207 1279 4258 nostram
1308 4193 1463 4262 Hibernia
1491 4195 1576 4261 dicto
1598 4221 1698 4281 nuper

311 4290 461 4380 prioratui
483 4289 550 4357 sive
571 4291 680 4356 domui
701 4293 844 4382 religiose
859 4295 964 4381 aliquo
979 4298 1073 4362 modo
1093 4300 1305 4386 spectantibus
1328 4302 1393 4369 eive
1417 4301 1645 4391 pertinentibus
1666 4319 1699 4370 et

310 4423 370 4486 que
384 4413 421 4463 ut
435 4409 537 4486 partes
551 4399 685 4486 parcella
700 4401 750 4466 vel
766 4405 907 4469 membra
915 4427 1016 4492 nuper
1031 4405 1163 4493 predicti
1179 4407 1332 4495 prioratus
1347 4408 1412 4474 sive
1428 4408 1538 4473 domus
1553 4409 1697 4497 religiose

1665 4533 1697 4582 et
