4284 5412
959 665 1000 738 31

902 953 1052 1030 XXVI.

368 1141 426 1218 Bt
441 1147 599 1216 tuomst
614 1141 754 1217 umutile
771 1140 874 1216 auant
891 1142 1028 1216 cottus
1043 1143 1155 1215 unus
1172 1138 1330 1214 tutelam
1348 1136 1472 1224 §aaut
1488 1139 1592 1232 stetu.

351 1327 447 1396 Giant
461 1344 617 1419 presentes
637 1343 669 1398 et
682 1329 780 1397 futuri
795 1330 879 1417 quod
893 1355 953 1420 ego
967 1329 1142 1396 Audoenus
1156 1329 1246 1394 Brun
1260 1327 1333 1395 dedi
1356 1341 1389 1395 et
1412 1327 1548 1395 concessi
1572 1341 1604 1394 et
1617 1327 1676 1394 hac

373 1437 509 1526 presenti
524 1451 609 1504 carta
630 1461 701 1504 mea
723 1436 905 1504 confirmavi
920 1436 990 1503 Deo
1014 1449 1046 1502 et
1060 1435 1169 1501 domui
1184 1433 1337 1502 Omnium
1354 1434 1539 1501 Sanctorum
1554 1433 1676 1499 Dublin

289 1559 318 1611 et
340 1543 497 1611 canonicis
522 1543 641 1610 ibidem
666 1542 736 1610 Deo
764 1543 971 1611 servientibus
992 1580 998 1594 ·
1017 1541 1177 1608 redditum
1203 1541 1376 1608 duodecem
1398 1541 1596 1607 denariorum
1619 1564 1676 1628 pro

289 1650 383 1715 salute
399 1649 502 1715 anime
516 1673 586 1716 mee
600 1660 633 1715 et
647 1648 742 1738 patris
756 1647 819 1714 mei
833 1661 866 1714 et
876 1671 1018 1714 meorum
1033 1662 1260 1713 antecessorum
1275 1647 1308 1712 in
1323 1671 1433 1735 puram
1448 1660 1481 1712 et
1495 1659 1677 1734 perpetuam

289 1755 486 1822 elemosinam
503 1794 510 1808 ·
526 1756 644 1823 scilieet
658 1757 698 1822 de
718 1769 799 1822 terra
813 1781 874 1843 que
888 1755 950 1822 fuit
963 1755 1036 1822 Elie
1053 1755 1197 1844 Snelling
1211 1780 1305 1842 quam
1320 1755 1407 1822 Elias
1430 1753 1570 1821 medicus
1592 1765 1679 1819 tenet

289 1862 508 1928 demeremus
531 1863 691 1930 eeclesiam
709 1863 817 1930 Sancti
832 1863 919 1930 Petri
942 1863 1122 1952 recipiendo
1145 1886 1202 1930 aex
1226 1861 1368 1928 denarios
1392 1862 1431 1927 ad
1446 1862 1544 1928 Pasea
1566 1873 1599 1926 et
1621 1884 1678 1925 sex

291 1967 430 2034 denarios
449 1968 484 2032 in
498 1967 575 2033 festo
593 1966 699 2034 Sancti
714 1966 889 2032 Michaelis.
934 1966 1007 2032 Hiis
1030 1965 1161 2032 testibus
1178 2003 1184 2018 ·
1201 1965 1297 2032 Helia
1320 1965 1358 2031 de
1374 1963 1495 2032 Launie
1512 2003 1518 2016 ·
1535 1963 1678 2030 Gilberto

291 2073 339 2139 del
354 2075 460 2162 Lynet
476 2113 482 2126 ·
498 2073 652 2141 Nicholao
667 2073 706 2140 de
721 2073 878 2140 Bedeford
894 2073 1092 2140 ·Vincencio
1107 2069 1254 2138 delira·
1272 2071 1397 2162 Rogero
1411 2072 1500 2136 Brun
1516 2069 1678 2136 ·Waltero

292 2175 402 2244 elerico
416 2189 449 2242 et
462 2177 569 2243 multis
584 2177 662 2243 aliis.

896 2437 1065 2512 XXVII.

562 2621 621 2698 Bt
637 2620 689 2696 xli.
705 2623 845 2698 uestita
861 2627 972 2700 tusus
989 2625 1146 2702 tumtun
1163 2624 1286 2712 §anot
1298 2625 1404 2719 stent

379 2811 509 2878 Mnibus
520 2809 637 2878 Clu-isti
652 2807 799 2876 fidelibus
822 2811 862 2878 ad
876 2836 954 2898 quos
973 2837 1098 2902 presens
1123 2812 1273 2904 seriptum
1296 2811 1475 2906 pervenerit
1489 2809 1599 2879 Helias
1614 2812 1678 2880 Ou-

400 2919 489 2986 lache
504 2930 537 2985 et
550 2915 704 2984 Matilldis
718 2939 802 2984 uxor
815 2919 883 3005 ejus
897 2919 931 2984 in
945 2943 1020 2986 vero
1040 2921 1192 2988 salvatore
1216 2923 1356 2989 salntem.
1400 2919 1456 2985 Ad
1470 2919 1681 2986 universitatis

293 3041 391 3092 vestre
406 3023 551 3090 volumus
565 3022 728 3112 pervenire
743 3023 895 3090 noticiam
913 3049 970 3090 nos
985 3023 1093 3092 divine
1107 3026 1233 3115 pietatis
1246 3027 1365 3094 intuitu
1383 3041 1417 3093 et
1429 3049 1486 3114 pro
1501 3025 1599 3092 solute
1614 3025 1680 3092 ani·

293 3157 413 3202 marum
437 3144 611 3198 nostrarum
633 3142 665 3197 et
688 3128 829 3197 omnium
853 3143 1080 3200 antecessorum
1101 3149 1277 3202 nostrorum
1291 3136 1408 3225 legasse
1423 3132 1544 3199 dedisse
1569 3145 1602 3198 et
1622 3130 1682 3197 hac

294 3237 427 3328 presenti
447 3251 531 3305 carta
553 3235 749 3303 confirmasse
764 3237 835 3304 Deo
854 3251 886 3304 et
900 3239 990 3306 beate
1005 3239 1107 3308 Maris
1132 3253 1165 3307 et
1182 3241 1311 3308 ecclesie
1327 3239 1480 3307 Omnium
1496 3238 1682 3305 Sanctorum

291 3347 383 3432 juxta
393 3343 517 3410 Dublin
527 3355 559 3409 et
569 3342 727 3411 canonicis
737 3343 856 3408 ibidem
867 3342 938 3409 Deo
952 3344 1161 3412 servientibus
1172 3345 1345 3412 ·1edditum
1356 3343 1529 3410 duodecem
1539 3341 1680 3408 denario-

295 3473 361 3516 rum
373 3449 535 3516 annuatim
544 3449 584 3515 de
595 3447 706 3515 eodem
721 3447 886 3537 curtilagio
895 3449 934 3515 de
949 3474 1012 3536 quo
1021 3448 1104 3518 dicte
1114 3452 1225 3519 domus
1239 3449 1380 3518 canonici
1388 3450 1507 3516 habent
1520 3447 1683 3514 annuatim

296 3557 332 3622 de
347 3556 432 3622 dono
445 3554 597 3621 Audoeni
611 3554 701 3619 Brun
715 3578 773 3643 pro
787 3555 892 3620 animo
906 3556 1002 3643 patris
1016 3557 1065 3622 sui
1080 3570 1112 3624 et
1126 3571 1353 3625 antecessorum
1368 3580 1495 3622 suorum
1510 3555 1682 3621 duodecem

294 3662 434 3728 denarios
447 3700 453 3712 ·
470 3659 588 3726 scilicet
607 3673 644 3726 ut
658 3684 717 3749 ego
732 3659 842 3727 Helias
861 3674 894 3728 et
907 3687 989 3728 uxor
1010 3687 1080 3730 mea
1094 3663 1237 3730 Matildis
1251 3663 1421 3730 efficiamur
1435 3661 1601 3749 participes
1616 3685 1682 3725 om-

294 3769 381 3834 nium
395 3768 549 3835 bonorum
563 3778 596 3833 et
610 3765 789 3833 oracionum
805 3792 866 3854 qne
880 3767 915 3833 in
929 3781 1088 3857 posterum
1102 3768 1137 3835 in
1151 3769 1270 3859 prefata
1287 3767 1419 3836 eeclesia
1431 3767 1518 3833 fient.
1563 3767 1610 3833 Ut
1623 3765 1682 3833 hec

295 3889 397 3944 autem
412 3873 543 3940 donacio
558 3871 678 3962 legaeio
697 3885 729 3938 et
747 3871 945 3939 confirmacio
960 3872 1144 3940 inconeussa
1157 3884 1333 3963 perseveret
1346 3883 1520 3960 presentem
1535 3870 1682 3960 peginam

294 3983 387 4074 sigilli
409 3982 508 4048 nostri
532 3979 739 4070 muni[mine]
762 3980 985 4047 roboravimus.
1029 3981 1103 4048 Hiis
1123 3979 1253 4048 testibus
1270 4019 1276 4032 ·
1293 3979 1420 4046 domino
1434 3979 1559 4067 Rogero
1574 3977 1681 4042 Priore

295 4092 455 4176 [ecelesfle
480 4100 584 4154 sancte
605 4085 768 4152 Trinitatis
785 4086 956 4174 magistro
980 4087 1106 4154 Thema
1130 4085 1313 4154 cancellario
1335 4086 1375 4152 de
1391 4085 1505 4152 Senem
1520 4083 1680 4150 Patricio·

295 4196 420 4261 domino
434 4191 596 4259 Willelmo
611 4205 687 4259 tunc
701 4192 819 4259 decano
835 4228 844 4243 ·
860 4192 1004 4260 Gilberto
1018 4193 1070 4262 del
1085 4194 1171 4260 Ynet
1187 4232 1193 4245 ·
1209 4191 1372 4260 Willelmo
1387 4192 1426 4258 de
1447 4190 1657 4258 Flammested
1674 4229 1679 4241 ·

297 4298 452 4366 Eduardo
466 4295 610 4364 Palmero
625 4309 658 4364 et
672 4295 778 4362 multis
793 4295 870 4362 aliis.
