4284 5412
901 896 1051 970 xm.

373 1086 430 1163 Bt
447 1086 501 1160 ltu
518 1093 602 1158 unu
619 1079 697 1156 ttttu
713 1082 876 1174 patruum
893 1093 1006 1156 tertam
1023 1081 1170 1158 ulutatu
1190 1083 1323 1160 uteru
1341 1084 1587 1176 coaeterua.

384 1276 518 1342 Overint
535 1270 672 1337 universi
686 1293 742 1358 per
756 1284 911 1360 presentes
930 1295 981 1338 me
996 1272 1166 1340 Ricardum
1181 1273 1412 1365 Chamberleyn
1434 1277 1534 1343 civem
1550 1278 1671 1344 Dublin

398 1380 548 1450 remisisse
570 1378 723 1444 relaxasse
747 1402 782 1444 cc
805 1379 932 1444 omnino
946 1403 1003 1467 pro
1026 1402 1076 1445 me
1100 1393 1132 1445 et
1145 1379 1312 1447 heredibus
1334 1380 1412 1448 meis
1430 1381 1464 1447 in
1487 1397 1672 1472 perpetuum

294 1491 432 1577 quietum
447 1487 591 1554 clamasse
607 1484 709 1551 Priori
723 1496 755 1550 et
769 1486 937 1551 conventui
952 1486 1062 1552 domus
1077 1487 1229 1552 Omnium
1246 1487 1430 1554 Sanctorum
1440 1489 1536 1576 juxta
1550 1489 1670 1554 Dublin

295 1610 324 1662 et
350 1619 458 1662 eorum
483 1593 708 1658 successoribus
735 1605 837 1657 totum
856 1593 909 1679 jus
934 1617 1040 1659 meum
1063 1607 1095 1660 et
1119 1594 1272 1660 elameum
1296 1619 1356 1682 que
1375 1595 1476 1662 habeo
1496 1595 1591 1662 habui
1617 1619 1671 1660 seu

294 1698 495 1787 quovismodo
508 1699 622 1765 habere
637 1711 744 1787 potero
761 1738 767 1750 ·
783 1699 818 1764 in
832 1700 966 1787 quedam
981 1714 1061 1766 terra
1075 1725 1147 1766 cum
1158 1700 1288 1767 edificiis
1303 1715 1335 1768 et
1349 1702 1411 1768 suis
1425 1701 1624 1790 pertinenciis
1637 1701 1671 1766 in

294 1807 439 1873 suburbio
453 1806 575 1872 Dublin
597 1805 632 1870 in
654 1806 801 1894 parochia
817 1806 923 1873 Sancti
937 1807 1023 1873 Petri
1039 1807 1077 1873 de
1100 1807 1131 1873 lu
1145 1807 1243 1872 Hulle
1259 1844 1266 1861 ·
1282 1832 1342 1896 que
1358 1809 1443 1894 jacet
1460 1808 1541 1873 inter
1558 1821 1671 1874 terram

295 1913 449 1999 quondam
463 1911 604 2000 Philippi
619 1911 658 1978 de
672 1913 872 1979 Asshebome
887 1937 929 1980 ex
944 1927 1030 2002 parte
1044 1939 1107 1980 una
1125 1926 1158 1980 et
1171 1927 1284 1980 terram
1301 1939 1401 2003 nuper
1416 1914 1487 1980 Elie
1502 1914 1541 1980 de
1555 1914 1671 1979 Asshe-

294 2022 409 2086 bcurne
421 2041 463 2084 ex
478 2031 564 2106 perte
579 2017 675 2083 altera
691 2056 697 2069 ·
714 2031 746 2083 et
756 2018 901 2083 extendit
911 2041 943 2083 se
954 2017 988 2082 in
1002 2016 1201 2106 longitudine
1217 2018 1346 2106 areguli
1360 2018 1412 2083 viu
1427 2017 1561 2084 anterius
1575 2041 1672 2104 usque

296 2125 332 2189 ad
346 2137 459 2190 terram
473 2121 550 2188 dicti
565 2120 706 2208 Philippi
721 2121 872 2208 posterius
888 2158 895 2172 ·
911 2133 943 2187 et
956 2121 1096 2186 continet
1110 2120 1246 2186 nutemus
1265 2121 1299 2185 in
1313 2121 1477 2186 latitudine
1499 2121 1628 2209 triginta
1642 2135 1673 2186 et

295 2255 348 2296 sex
362 2230 457 2319 pedes
473 2266 479 2281 ·
495 2230 529 2294 in
543 2228 648 2294 medio
663 2227 868 2316 quadraginta
880 2240 912 2294 et
926 2251 1024 2293 unum
1035 2227 1130 2315 pedes
1146 2265 1152 2278 ·
1169 2227 1320 2314 posterius
1334 2251 1408 2293 vero
1423 2227 1627 2315 quadraginta
1641 2241 1674 2291 et

296 2359 349 2402 sex
362 2335 465 2424 pedes.
504 2333 554 2401 Ita
569 2333 654 2420 quod
667 2357 725 2400 nec
740 2357 799 2421 ego
814 2333 915 2399 dictrrs
929 2333 1081 2400 Ricardus
1100 2357 1158 2398 nec
1173 2332 1301 2398 heredes
1315 2332 1378 2398 mei
1392 2357 1450 2399 nec
1469 2332 1580 2418 aliquis
1595 2331 1672 2396 alius

296 2442 419 2508 nomine
442 2453 547 2506 nostro
571 2439 698 2527 aliquod
707 2440 761 2526 jus
780 2439 832 2505 vel
846 2439 1000 2506 clamcum
1014 2440 1049 2504 in
1069 2449 1151 2504 terra
1172 2438 1313 2526 predicta
1335 2463 1407 2504 cum
1422 2437 1620 2526 pertinenciis
1634 2436 1674 2502 de

296 2558 393 2612 cetero
408 2544 535 2632 exigere
546 2544 659 2610 habere
674 2565 728 2608 seu
742 2543 906 2609 vendicare
918 2543 1087 2631 poterimus
1098 2542 1291 2608 infuturum.
1329 2543 1384 2610 Set
1398 2545 1437 2609 ab
1452 2542 1537 2607 omni
1552 2543 1673 2608 actione

296 2664 325 2716 et
333 2650 413 2736 juris
436 2648 573 2714 remedio
588 2647 712 2736 penitus
726 2647 800 2712 inde
823 2669 928 2712 sumus
953 2647 1073 2714 exclusi
1096 2672 1152 2735 per
1174 2663 1330 2737 presentes
1352 2651 1590 2738 imperpetuum.
1634 2651 1674 2714 In

297 2758 381 2844 cujus
394 2757 440 2823 rei
454 2755 666 2824 testimonium
681 2755 819 2844 sigillum
829 2778 935 2821 meum
946 2756 1138 2844 presentibus
1149 2769 1195 2822 est
1205 2780 1384 2844 appensum.
1407 2756 1525 2822 Datum
1539 2755 1674 2822 secundo

297 2861 343 2927 die
355 2860 434 2926 Maii
444 2883 525 2926 anno
540 2859 628 2947 regni
643 2859 724 2946 regis
733 2857 859 2924 Ricardi
874 2859 1002 2926 secundi
1016 2873 1086 2947 post
1099 2874 1303 2947 conquestum
1313 2863 1431 2951 Anglie
1446 2863 1566 2929 decimo
1581 2886 1672 2929 nono.

345 2972 461 3048 suaa
480 2973 664 3046 tutrututus
682 2975 721 3044 ut
738 2974 866 3044 tantm
883 2983 994 3044 uuum
1012 2972 1198 3062 prutenus
1216 2991 1304 3062 quur
1322 2974 1355 3046 tu
1373 2975 1451 3046 ttstu
1469 2975 1547 3046 tutu
1565 2975 1670 3046 tubru-

299 3107 394 3170 tutus.

919 3319 1049 3392 XXX.

605 3507 650 3580 ltu
668 3507 812 3599 pruritu
829 3501 952 3589 §aaut
968 3501 1157 3592 duuuults
1173 3509 1209 3578 ut
1226 3503 1259 3577 lu
1276 3503 1356 3598 25⁰¹·

380 3695 511 3762 Mnibus
524 3693 642 3762 Christi
655 3695 801 3764 fidelibus
825 3697 865 3764 ad
888 3719 965 3783 quos
983 3718 1108 3782 presens
1131 3696 1280 3784 seriptum
1300 3691 1477 3783 pervenerit
1491 3693 1675 3782 Radulphus

395 3805 435 3871 de
449 3805 542 3871 Mora
555 3805 685 3873 salutem
698 3845 705 3858 ·
717 3805 849 3873 Noverit
862 3804 1046 3896 upiversitas
1059 3814 1162 3869 vestra
1175 3824 1225 3866 me
1240 3799 1348 3866 divine
1363 3798 1498 3865 caritatis
1511 3798 1630 3864 intuitu
1644 3812 1676 3865 et

295 3933 349 3997 pro
372 3911 471 3977 salute
490 3911 592 3977 anime
612 3935 681 3978 mee
696 3925 920 3977 autecessorum
935 3923 967 3978 et
981 3930 1190 3976 successorum
1204 3929 1344 3972 meorum
1360 3904 1479 3971 dedisse
1493 3906 1676 3972 concessisse

295 4017 397 4084 etheo
411 4016 546 4104 presenti
561 4027 645 4081 carta
669 4039 739 4081 mea
761 4015 955 4081 confirmasse
970 4014 1040 4080 Deo
1063 4026 1095 4080 et
1109 4014 1199 4079 beate
1214 4010 1315 4076 Mario
1335 4024 1367 4076 et
1381 4010 1508 4076 ecclesie
1524 4011 1675 4076 Omnium

297 4119 480 4188 Sanctorum
490 4120 585 4206 juxta
599 4119 720 4185 Dublin
734 4132 767 4186 et
785 4117 941 4186 canonicis
960 4117 1078 4184 ibidem
1093 4117 1162 4182 Deo
1185 4114 1390 4182 servientibus
1406 4153 1413 4166 ·
1428 4115 1586 4181 redditum
1600 4141 1675 4202 qua-

295 4239 362 4293 tuor
385 4226 556 4293 solidorum
581 4227 741 4292 annuatim
763 4227 998 4316 percipiendum
1017 4225 1057 4293 de
1078 4237 1160 4290 terra
1185 4248 1279 4313 quum
1301 4237 1392 4290 teneo
1417 4223 1457 4290 de
1479 4223 1622 4290 Prioratu
1637 4225 1675 4289 de

297 4330 441 4396 Dimlech
469 4330 503 4395 in
534 4329 682 4398 suburbio
708 4330 831 4396 Dublin
855 4330 890 4395 in
912 4330 1059 4418 parochia
1087 4329 1194 4396 Sancti
1222 4327 1386 4394 Michaelis
1409 4327 1449 4394 de
1472 4327 1561 4393 Polla
1584 4342 1616 4394 et
1638 4333 1676 4396 ab

295 4434 461 4502 heredibus
484 4437 561 4502 meis
585 4437 779 4526 exigendum
802 4437 837 4503 in
851 4438 971 4504 duobus
995 4437 1069 4503 anni
1091 4435 1231 4504 terminis
1248 4473 1254 4486 ·
1270 4435 1388 4502 scilicet
1406 4433 1483 4498 duos
1508 4433 1621 4499 solidos
1644 4435 1676 4499 in

334 4562 425 4607 rursu
440 4561 535 4607 sucu.
551 4561 614 4606 soc.
635 4565 681 4608 10.
966 4541 994 4605 F
1542 4539 1675 4604 termino
