4284 5412
1149 641 1173 705 4

1136 929 1184 1001 II.

467 1116 682 1190 tautameos
699 1127 727 1188 tt
744 1116 883 1208 pntrrtto
899 1116 1042 1194 tudam
1059 1113 1277 1207 apttttaaltaat
1299 1125 1327 1187 rt
1345 1113 1564 1206 temporalium
1580 1132 1651 1187 taut
1668 1113 1745 1187 attis
1762 1114 1855 1206 atat·

470 1231 558 1324 qutta
575 1245 604 1307 rt
621 1233 889 1307 tamastanus.

564 1422 692 1489 Rbanus
702 1422 865 1511 episcopus
876 1446 983 1489 servus
992 1445 1152 1488 servorum
1161 1421 1224 1487 Dei
1236 1420 1357 1487 dilectis
1368 1419 1441 1486 filiis
1450 1419 1553 1486 Priori
1564 1413 1698 1487 ecclesie
1705 1421 1857 1487 Omnium

580 1529 764 1595 Sanctorum
779 1530 818 1595 de
833 1529 956 1596 Dublin
970 1530 1173 1617 ejusdemque
1187 1529 1334 1597 fratribus
1349 1543 1413 1596 tam
1427 1531 1623 1618 presentibus
1637 1556 1732 1618 quent
1745 1533 1858 1599 futuris

467 1632 640 1720 regularem
655 1631 753 1697 vitam
773 1631 916 1719 professis
930 1631 964 1697 in
982 1647 1178 1721 perpetuum.
1223 1633 1382 1714 Quociens
1404 1658 1423 1700 a
1441 1635 1531 1700 nobis
1549 1636 1668 1724 petitur
1687 1638 1773 1723 quod
1786 1639 1856 1704 reli·

466 1736 553 1824 gioui
576 1750 609 1802 et
629 1735 784 1801 honestati
806 1735 973 1801 convenire
988 1735 1161 1801 dinoscitur
1183 1735 1288 1802 animo
1311 1761 1367 1803 nos
1387 1736 1477 1803 decet
1496 1737 1608 1805 libenti
1631 1741 1800 1808 concedere
1822 1767 1857 1808 ec

467 1842 646 1930 perennium
661 1841 822 1907 desideriis
836 1865 1010 1930 congruum
1024 1841 1207 1930 suffragium
1222 1843 1385 1931 impertiri.

532 1949 581 2014 Ea
595 1961 722 2036 propter
735 1947 769 2012 in
780 1947 918 2013 Domino
933 1947 991 2012 filii
1002 1949 1112 2014 vestris
1122 1948 1216 2035 justis
1231 1950 1496 2037 postulacionibus
1510 1950 1679 2018 elementer
1693 1954 1858 2020 annuimus

467 2070 499 2121 et
513 2069 684 2143 pretaetam
706 2053 868 2120 ecclesiam
882 2051 916 2116 in
936 2076 998 2138 qua
1012 2051 1121 2118 divino
1141 2052 1310 2140 mancipati
1333 2053 1406 2119 estis
1429 2055 1578 2141 obsequio
1601 2057 1659 2122 sub
1673 2057 1757 2122 beati
1772 2059 1859 2124 Petri

467 2175 499 2227 et
513 2173 617 2226 nostra
630 2158 823 2249 protectione
837 2156 1022 2245 suscipimus
1037 2171 1069 2223 et
1083 2159 1233 2246 presentis
1248 2158 1355 2246 scripti
1367 2160 1533 2249 privilegio
1544 2161 1782 2228 communimus.
1819 2165 1858 2230 In

467 2269 575 2358 primis
597 2267 752 2355 siquidem
777 2281 947 2332 statuentes
969 2280 1006 2330 ut
1029 2266 1105 2332 ordo
1128 2266 1297 2333 canonicus
1313 2303 1320 2318 ·
1337 2267 1391 2352 qui
1415 2267 1587 2334 secundum
1599 2268 1705 2333 Deum
1728 2286 1760 2334 et
1773 2270 1857 2335 beati

467 2374 640 2464 Augustini
655 2373 795 2462 regulam
810 2385 903 2457 atquc
918 2370 1152 2437 institucionem
1166 2373 1390 2438 Anocendum
1405 2372 1535 2440 fratrum
1549 2374 1583 2438 in
1598 2375 1707 2440 eadem
1730 2376 1859 2442 ecclesia

467 2483 627 2547 institutus
642 2504 706 2546 esse
716 2477 889 2543 dinoscitur
905 2476 1081 2566 perpetuis
1092 2476 1210 2543 ibidem
1225 2478 1418 2566 temporibus
1433 2479 1656 2546 inviolabiliter
1669 2481 1858 2548 observetur.

530 2589 677 2653 Preterea
695 2609 907 2671 quascumque
926 2585 1132 2673 possessiones
1151 2608 1348 2671 quecumque
1362 2587 1445 2652 bona
1468 2586 1576 2652 eadem
1597 2586 1726 2652 eeclesia
1740 2586 1774 2651 in
1789 2611 1857 2674 pre·

467 2695 641 2760 aenciarum
656 2692 742 2777 juste
766 2701 799 2756 et
823 2691 972 2757 canonice
991 2691 1151 2779 possidet·
1172 2705 1226 2756 aut
1245 2691 1434 2758 infuturum
1458 2691 1655 2757 concessione
1673 2691 1858 2779 pontificum

464 2799 635 2888 largicione
653 2820 764 2886 regum
778 2796 830 2862 vel
844 2796 1022 2885 principum
1043 2796 1203 2862 oblacione
1218 2796 1360 2862 fidelium
1383 2821 1438 2863 seu
1461 2797 1630 2882 aliisjustis
1653 2798 1754 2863 modis
1773 2822 1856 2886 pres-

467 2919 551 2971 tante
567 2903 706 2968 Domino
720 2901 835 2990 poterit
849 2902 980 2990 adipisci
996 2940 1002 2953 ·
1019 2902 1109 2967 finna
1131 2902 1220 2968 vobis
1243 2903 1415 2988 vestrisque
1438 2902 1664 2969 successoribus
1687 2917 1719 2969 et
1739 2904 1859 2970 illibate

466 3023 676 3100 permaneant
719 3008 758 3072 In
777 3006 890 3092 quibus
904 3006 963 3072 heo
981 3005 1114 3094 propriis
1134 3004 1285 3070 duximus
1307 3005 1514 3093 exprimenda
1537 3005 1697 3072 vocabulis
1713 3045 1719 3058 ·
1737 3007 1857 3072 Locum

468 3118 571 3205 ipsum
584 3115 619 3180 in
634 3137 696 3200 quo
711 3111 830 3200 prefata
850 3111 980 3178 ecclesia
993 3111 1052 3177 sita
1066 3125 1112 3176 est
1126 3134 1199 3177 cum
1214 3111 1359 3177 omnibus
1374 3111 1574 3199 pertinenciis
1593 3112 1656 3176 suis
1673 3150 1680 3163 ·
1695 3113 1858 3201 grangiam

467 3222 586 3288 scilicet
602 3219 674 3305 [de]
691 3218 834 3304 Canturg
849 3254 855 3267 ·
868 3229 901 3282 et
915 3215 954 3281 de
964 3215 1152 3281 Duncarnac
1168 3253 1174 3266 ·
1191 3214 1300 3280 villam
1315 3214 1354 3280 de
1365 3214 1541 3303 Balidogail
1557 3253 1564 3266 ·
1580 3214 1688 3280 villam
1698 3216 1737 3282 de
1750 3217 1857 3282 Balin-

468 3327 621 3415 eongalan
634 3363 641 3375 ·
654 3322 817 3413 grangiam
827 3320 866 3387 de
876 3319 1127 3408 Robaanchagan
1140 3317 1266 3383 ·villam
1275 3317 1520 3384 deChcldronan
1534 3317 1658 3384 ·villam
1668 3319 1707 3386 de
1716 3321 1857 3388 Cnoelis·

466 3433 552 3498 lainn
566 3470 572 3482 ·
585 3453 659 3497 cum
674 3428 819 3495 omnibus
834 3423 1035 3514 pertinenciis
1051 3463 1057 3476 ·
1073 3423 1223 3489 videlicet
1237 3423 1413 3489 elemosinis
1428 3423 1642 3490 oblacionibus
1656 3439 1688 3491 et
1703 3426 1832 3494 decimis
1849 3468 1854 3480 ·

469 3539 503 3604 in
527 3537 608 3626 agris
623 3535 724 3624 planis
747 3531 939 3600 silvestribus
961 3531 1083 3620 pascuis
1101 3530 1136 3594 in
1151 3529 1247 3617 pratis
1270 3543 1303 3596 et
1325 3527 1413 3615 aquis
1435 3529 1624 3594 molendinis
1642 3531 1804 3618 piscaturis
1826 3551 1859 3600 et

468 3644 578 3710 ceteris
597 3642 740 3708 omnibus
755 3638 997 3728 possessionibus
1012 3639 1076 3724 [et]
1092 3636 1370 3704 consuetudinibus
1385 3634 1426 3701 ad
1439 3636 1591 3725 prefatam
1611 3637 1772 3704 ecclesiam
1787 3663 1856 3726 per·

470 3750 650 3816 tinentibus.
1850 3815 1852 3820 ,

535 3855 617 3923 Sane
628 3852 788 3919 novalium
799 3865 972 3918 vestrorum
983 3875 1044 3937 que
1056 3849 1189 3938 propriis
1200 3849 1343 3915 manibus
1354 3861 1409 3914 aut
1417 3847 1592 3936 sumptibus
1603 3847 1704 3914 colitis
1720 3886 1726 3898 ·
1743 3848 1858 3914 sivede

469 3961 668 4030 nutrimentis
683 3958 865 4026 animalium
880 3973 1073 4022 vestrorum·
1089 3953 1195 4019 nullus
1209 3978 1228 4019 a
1242 3953 1332 4019 vobis
1343 3952 1479 4018 decimas
1490 3968 1676 4039 extorquere
1691 3968 1856 4039 presumat.

470 4071 579 4136 Liceat
593 4089 718 4154 quoque
732 4063 821 4129 vobis
836 4061 964 4129 clericos
978 4060 1030 4126 vel
1043 4059 1139 4125 laicos
1153 4083 1171 4125 e
1186 4058 1291 4126 seculo
1305 4057 1461 4146 fugientes
1478 4095 1484 4108 ·
1499 4057 1614 4124 liberos
1632 4073 1665 4123 et
1678 4058 1834 4124 absolutos
1850 4097 1856 4108 ·

470 4179 510 4245 ad
524 4174 758 4244 conversionem
771 4170 909 4257 recipere
924 4183 957 4235 et
970 4192 1023 4235 eos
1037 4169 1154 4254 absque
1174 4166 1420 4233 contradictione
1441 4164 1546 4251 aliqua
1559 4164 1703 4230 retinere.
1746 4163 1857 4229 Prohi-

468 4289 578 4352 bemus
592 4282 719 4367 insuper
732 4290 769 4342 ut
788 4274 867 4341 nulli
882 4275 1012 4342 frenum
1027 4289 1201 4340 vestrorum
1215 4285 1285 4362 post
1298 4271 1411 4338 factam
1426 4269 1460 4335 in
1482 4270 1593 4336 eodem
1608 4268 1676 4336 loco
1697 4267 1857 4356 professio-

469 4415 541 4458 nem
555 4389 600 4456 fas
614 4385 655 4453 sit
668 4386 784 4471 absque
795 4381 912 4447 Prioris
926 4381 974 4447 sui
989 4380 1121 4448 licencia
1134 4419 1140 4431 ·
1152 4378 1212 4445 nisi
1224 4377 1349 4445 arcioris
1363 4375 1523 4466 religionis
1539 4377 1669 4442 obtentu
1683 4372 1857 4439 discedere

1647 4480 1858 4547 discedentem
