4284 5412
948 639 992 714 57

275 812 429 888 postemm
440 799 544 886 aliquo
555 799 648 865 modo
659 799 774 866 habere
785 811 893 890 potero
902 799 936 866 in
947 800 1079 866 dimidia
1089 823 1193 867 marca
1204 802 1299 867 annui
1310 802 1450 869 redditus
1461 805 1663 893 proveniente

274 908 311 972 de
327 920 407 973 terra
421 930 482 993 que
497 919 625 972 vocatur
634 906 879 995 Hanethaurey·
895 904 1118 991 quamquidem
1132 903 1296 971 dimidiam
1310 931 1446 974 maroam
1461 908 1563 974 dictus
1578 909 1662 997 Rey-

275 1012 407 1078 mundus
422 1025 509 1100 pater
523 1034 610 1076 meus
625 1009 757 1076 Mabilie
771 1009 835 1075 filie
854 1033 908 1074 sue
923 1021 955 1074 et
969 1007 1136 1073 heredibus
1155 1007 1217 1073 suis
1232 1008 1266 1073 in
1280 1008 1379 1076 libero
1397 1011 1561 1100 maritagio
1576 1011 1664 1077 dedit

276 1132 307 1184 et
319 1117 485 1184 incestavit
503 1129 536 1182 et
549 1139 643 1201 quam
661 1116 792 1181 eandem
808 1113 972 1180 dimidiam
990 1137 1125 1180 maroam
1148 1114 1258 1180 eadem
1273 1115 1405 1182 Mabilia
1428 1117 1545 1183 eisdem
1560 1119 1662 1184 Priori

276 1237 307 1288 et
320 1221 489 1289 conventui
498 1233 530 1286 et
544 1245 651 1286 eorum
666 1219 890 1287 successoribus
905 1219 1056 1285 concessit
1069 1232 1101 1285 et
1115 1219 1149 1284 in
1164 1235 1350 1308 perpetuum
1363 1222 1490 1288 remisit.
1514 1225 1564 1289 Ita
1577 1224 1662 1310 quod

276 1352 331 1394 nec
346 1351 405 1416 ego
420 1351 478 1392 nec
492 1324 604 1410 aliquis
618 1325 744 1390 nomine
758 1347 828 1389 meo
843 1323 963 1409 aliquid
967 1323 1047 1409 juris
1061 1323 1136 1390 inde
1145 1323 1259 1391 habere
1274 1325 1402 1414 exigere
1417 1327 1482 1394 sive
1497 1329 1660 1396 vendicare

275 1431 312 1496 de
323 1445 427 1496 cetero
441 1429 619 1518 poterimus.
643 1427 681 1492 In
696 1428 784 1512 cujus
799 1425 843 1491 rei
859 1426 1071 1491 testimonium
1086 1429 1279 1516 presentibus
1290 1430 1388 1496 literis
1403 1433 1541 1522 sigillum
1556 1459 1661 1500 meum

276 1537 413 1625 apposui.
459 1537 577 1601 Datum
592 1533 715 1600 Dublin
730 1533 781 1600 die
795 1534 885 1600 Jovis
905 1535 1050 1622 proxima
1064 1550 1135 1602 ante
1150 1536 1264 1604 festum
1286 1553 1461 1606 sanctorum
1477 1541 1615 1608 Tiburtii
1630 1556 1662 1608 et

276 1641 439 1709 Valeriani
454 1665 534 1706 anno
549 1638 637 1728 regni
652 1639 733 1729 regis
749 1638 898 1704 Edwardi
913 1639 1009 1706 tercio
1024 1639 1154 1706 decimo.

928 1989 1009 2059 LX.

511 2176 619 2248 ttatte
636 2193 686 2250 stt
704 2173 911 2250 tributarum
929 2174 962 2247 tu
981 2176 1200 2248 utinmotu
1218 2173 1428 2249 ttaatrutuot.

342 2366 436 2432 (liant
450 2379 605 2453 presentes
620 2380 652 2430 et
665 2365 762 2430 futuri
777 2364 861 2451 quod
876 2389 934 2452 ego
950 2362 1110 2430 Galfridus
1125 2362 1163 2428 de
1179 2363 1317 2451 Tryvers
1332 2364 1421 2430 miles
1437 2364 1510 2430 dedi
1525 2369 1661 2433 concessi

248 2563 251 2572 1
362 2486 395 2539 et
413 2473 471 2539 hac
486 2473 620 2561 presenti
636 2488 719 2538 carta
732 2496 802 2538 mea
822 2471 1004 2538 confirmavi
1019 2470 1121 2536 Priori
1136 2483 1168 2536 et
1181 2471 1351 2538 conventui
1365 2470 1493 2536 ecclesie
1508 2471 1661 2538 Omnium

279 2577 462 2643 Sanctorum
472 2578 568 2662 juxta
579 2575 700 2642 Dublin
715 2587 747 2640 et
760 2598 868 2640 eorum
887 2573 1111 2639 successoribus
1135 2574 1263 2640 ecclesie
1278 2598 1333 2640 sue
1347 2574 1486 2662 predicte
1509 2599 1565 2640 sex
1589 2577 1660 2642 soli-

276 2683 361 2748 datas
381 2695 413 2747 et
432 2695 502 2746 octo
525 2679 697 2745 denariatas
725 2677 864 2744 redditus
885 2701 958 2742 cum
981 2676 1182 2764 pertinenciis
1204 2676 1239 2742 in
1258 2677 1499 2766 Aglythonreye
1519 2678 1553 2742 in
1576 2695 1661 2745 tene-

274 2801 380 2855 mento
389 2789 428 2854 de
439 2785 630 2854 Castelknok
643 2824 649 2837 ·
666 2809 741 2872 quas
753 2784 885 2850 Mabilia
899 2784 964 2850 filiu
972 2784 1155 2872 Reymundi
1166 2783 1298 2850 Labank
1313 2809 1374 2871 que
1383 2784 1444 2851 fuit
1454 2808 1537 2849 uxor
1545 2785 1662 2874 Rogeri

277 2894 315 2958 de
329 2893 521 2958 Mesuntoun
545 2889 702 2976 quondam
726 2887 814 2953 dedit
832 2885 958 2975 prefatis
973 2886 1077 2953 Priori
1099 2900 1131 2952 et
1153 2889 1323 2954 conventui
1346 2889 1475 2956 ecclesio
1498 2891 1660 2979 predicte·

275 3000 431 3067 habendas
454 3013 486 3065 et
505 2997 653 3064 tenendas
672 2995 820 3084 predictis
834 2995 935 3061 Priori
955 3010 987 3060 et
1006 2996 1174 3062 conventui
1197 3009 1229 3062 et
1250 3020 1358 3062 eorum
1384 2999 1608 3064 successoribus
1631 3012 1663 3064 et

275 3107 401 3173 ecclesie
416 3129 470 3172 sue
485 3105 624 3194 predicte
639 3103 744 3190 quiete
759 3103 798 3168 de
813 3102 956 3168 omnibus
970 3102 1108 3169 serviciis
1122 3102 1339 3169 exactionibus
1353 3117 1385 3170 et
1400 3104 1560 3171 demendis
1575 3130 1661 3171 secu·

275 3212 397 3279 laribus.

338 3315 409 3405 Ego
424 3340 498 3382 vero
517 3314 675 3404 predictus
690 3311 850 3380 Galfridus
864 3313 904 3380 de
919 3314 1057 3403 Tryvers
1071 3326 1103 3380 et
1122 3314 1251 3380 heredes
1271 3316 1334 3383 mei
1348 3317 1503 3403 predictas
1518 3341 1574 3383 sex
1589 3315 1659 3382 soli-

275 3421 359 3488 datas
373 3435 406 3488 et
420 3435 489 3488 octo
501 3419 672 3487 denariatas
686 3417 825 3484 redditus
840 3417 973 3506 predicti
983 3442 1055 3484 cum
1070 3418 1270 3506 pertinenciis
1284 3420 1410 3509 prefatis
1424 3422 1526 3487 Priori
1540 3435 1573 3489 et
1587 3447 1660 3489 con·

275 3527 381 3593 ventui
393 3539 425 3593 et
435 3551 543 3593 eorum
553 3524 777 3593 successoribus
788 3538 896 3591 contra
905 3549 1012 3592 omnes
1020 3538 1129 3614 gentes
1139 3527 1408 3594 warentizabimus
1419 3541 1451 3595 et
1459 3528 1660 3595 defendemus

273 3629 306 3695 in
320 3643 514 3719 perpetuum.
559 3631 599 3696 In
621 3628 712 3715 cujus
732 3626 779 3694 rei
796 3627 1009 3694 testimonium
1031 3630 1168 3719 presenti
1190 3645 1274 3698 carte
1298 3655 1367 3698 mee
1390 3632 1528 3722 sigillum
1552 3657 1659 3700 meum

273 3736 410 3824 apposui,
454 3737 573 3803 Datum
588 3732 710 3801 Dublin
725 3733 777 3799 die
792 3733 902 3800 Martis
917 3733 950 3799 in
961 3733 1038 3802 festo
1052 3735 1159 3804 Sancti
1170 3735 1313 3805 Barnabe
1328 3739 1458 3826 apostoli
1473 3763 1554 3805 anno
1568 3740 1658 3830 regni

270 3842 349 3931 regis
364 3843 513 3909 Edwardi
527 3841 585 3907 filii
600 3839 682 3930 regis
697 3838 846 3905 Edwardi
861 3839 1001 3928 septimo.

308 4573 399 4619 mss
413 4572 509 4619 ARGH.
525 4571 589 4618 800.
609 4574 655 4616 10.
