4284 5412
947 633 989 704 15

267 787 411 854 dohanne
423 787 462 854 de
477 799 582 854 sancto
592 787 614 854 J
615 788 738 856 ohanne
753 802 785 856 et
799 789 875 856 aliis.
905 791 1025 858 Damm
1040 811 1095 878 per
1109 811 1237 855 manum
1251 801 1387 854 nostrum
1401 785 1485 874 apud
1496 783 1653 848 Westmc·

268 895 435 960 nasterium
450 894 681 980 quartodecimo
697 895 748 960 dio
760 895 923 960 Februarii
938 919 1019 962 mmo
1033 896 1123 984 regni
1137 894 1234 959 nostri
1249 893 1371 959 decimo
1386 905 1505 958 octavo.

331 999 531 1087 Inspeximus
546 999 644 1064 eciam
664 998 813 1086 scriptum
828 998 983 1064 Willelmi
1002 997 1178 1064 Marescelli
1198 995 1320 1062 comitis
1339 992 1504 1061 Penbroch
1520 1031 1526 1044 ·
1541 991 1576 1055 in
1594 990 1653 1056 hec

269 1103 370 1170 verba.
415 1102 572 1169 Omnibus
590 1117 694 1168 sancte
713 1101 819 1168 matris
838 1100 966 1168 ecclesie
980 1100 1053 1166 filiis
1071 1102 1110 1167 ad
1131 1124 1207 1187 quos
1227 1113 1382 1189 presentes
1396 1099 1485 1164 litere
1504 1119 1652 1186 pervene-

268 1207 351 1272 rint·
367 1207 548 1273 Willelmus
570 1207 771 1274 Marescallus
799 1229 902 1272 comes
927 1207 1092 1274 Penbroch
1117 1221 1255 1273 eternam
1284 1207 1318 1271 in
1346 1205 1483 1270 Domino
1512 1202 1653 1292 sulutem.¹

271 1313 400 1380 Noverit
413 1314 598 1380 universitas
611 1329 713 1380 vestra
731 1339 787 1380 nos
801 1314 908 1380 divine
922 1315 1057 1382 caritatis
1070 1316 1189 1381 intuitu
1203 1328 1236 1382 et
1249 1339 1306 1402 pro
1320 1313 1418 1379 salute
1433 1310 1535 1377 anime
1550 1324 1652 1374 nostre

270 1439 300 1490 et
310 1449 367 1513 pro
378 1425 483 1490 anima
490 1425 646 1491 Willelmi
658 1425 772 1491 Siwird
781 1438 814 1491 et
821 1426 962 1492 omnium
977 1441 1202 1494 antecessorum
1217 1441 1392 1493 nostrorum
1403 1425 1524 1492 dedisse
1537 1464 1543 1476 ·
1556 1447 1653 1510 quan-

270 1547 334 1596 tum
349 1532 389 1597 ad
401 1547 566 1620 patronum
580 1533 716 1620 pertinet
729 1533 831 1599 Priori
842 1547 874 1600 et
884 1536 1041 1602 canonicis
1060 1536 1188 1608 ecclesie
1199 1536 1353 1601 Omnium
1366 1533 1550 1600 Sanctorum
1558 1533 1653 1618 juxte

271 1637 389 1702 Dublin
404 1639 576 1705 Ecclesiam
588 1640 627 1705 de
637 1640 867 1708 Rothmacneht
881 1667 953 1708 cum
971 1643 1034 1709 suis
1048 1642 1248 1731 pertinenciis
1261 1680 1267 1693 ·
1280 1641 1319 1708 de
1343 1663 1467 1706 assensu
1488 1652 1520 1704 et
1540 1638 1651 1710 volun-

272 1757 330 1810 tate
345 1743 465 1810 domiui
481 1746 644 1811 Feruensis
659 1746 798 1834 episcopi
812 1786 819 1798 ·
835 1747 932 1814 libere
946 1761 979 1815 et
992 1749 1097 1835 quiete
1111 1749 1145 1814 in
1159 1749 1299 1839 proprior
1323 1747 1443 1812 neusin
1457 1763 1652 1834 perpetuum.

273 1851 319 1915 lta
332 1850 460 1936 quidem
475 1852 559 1937 quod
573 1865 643 1939 post
654 1851 812 1919 decessum
821 1853 938 1942 Rogeri
949 1854 987 1921 de
999 1855 1196 1922 Penbrochia
1209 1853 1336 1921 rectoris
1350 1853 1489 1939 ejusdem
1504 1851 1633 1919 ecclesie
1647 1891 1652 1903 ·

271 1955 365 2022 libere
381 1955 447 2022 sine
462 1955 592 2042 alicujus
606 1956 849 2024 contradictione
861 1996 867 2008 ·
878 1957 954 2024 dicti
962 1958 1053 2023 Prior
1062 1972 1096 2025 et
1109 1957 1251 2026 canonici
1262 1958 1297 2022 in
1312 1957 1421 2023 cadem
1435 1955 1565 2023 ecclesia
1579 1978 1651 2020 cum
1679 1975 1685 1986 ·

273 2062 332 2126 suis
346 2061 545 2148 pertinenciis
559 2062 693 2128 liberum
707 2062 842 2128 habeant
854 2063 1035 2152 ingressum.
1078 2065 1125 2132 Ut
1138 2065 1197 2130 hec
1212 2077 1315 2129 nostra
1329 2062 1460 2142 donacio
1479 2074 1511 2128 et
1529 2085 1654 2127 conoes-

273 2165 315 2231 sio
329 2165 420 2230 firme
442 2177 474 2230 et
492 2165 609 2230 stabilis
631 2165 789 2253 perpetuis
811 2168 1002 2255 temporibus
1025 2181 1222 2256 perseveret·
1238 2191 1363 2256 presens
1385 2167 1535 2255 scriptum
1558 2165 1653 2254 sigilli

275 2272 368 2337 nostri
383 2271 555 2337 munimine
569 2272 792 2337 roboravimus.

335 2377 534 2466 Inspeximus
548 2377 677 2464 insuper
690 2378 793 2444 literas
808 2378 880 2444 Ade
895 2379 1032 2468 episcopi
1043 2380 1208 2447 Feruensis
1218 2381 1253 2445 in
1263 2380 1322 2446 hec
1336 2380 1440 2446 verbe.
1463 2379 1569 2445 Adam
1584 2401 1653 2467 per-

274 2485 416 2550 missione
434 2482 541 2548 divina
563 2483 725 2572 episcopus
745 2483 773 2548 F
773 2484 909 2550 emensis
932 2485 1084 2574 religiosis
1108 2487 1183 2552 viris
1198 2486 1300 2553 Priori
1320 2498 1352 2552 et
1372 2485 1528 2552 canonicis
1543 2484 1654 2550 domus

275 2591 424 2658 Omnium
440 2590 624 2656 Sanctorum
640 2591 736 2676 juxta
751 2593 872 2659 Dublin
894 2594 1025 2660 salutem
1047 2595 1184 2684 greciam
1202 2607 1235 2661 et
1248 2592 1499 2660 benedictionem
1516 2630 1522 2643 ·
1538 2591 1653 2666 ¹Sancte

275 2697 431 2786 religionis
453 2698 619 2785 puritatem
642 2699 757 2786 pariter
780 2716 812 2766 et
834 2701 977 2768 decorem
1000 2703 1054 2791 qui
1080 2704 1115 2768 in
1139 2717 1241 2770 vestro
1263 2703 1401 2791 prioratu
1424 2700 1529 2767 sedule
1549 2699 1656 2788 vigere

274 2802 442 2868 dinoscitur
455 2817 674 2890 propensantes
695 2803 809 2871 affectu
826 2843 832 2856 ·
848 2829 970 2872 necnon
984 2819 1017 2872 et
1030 2807 1150 2873 cultum
1162 2807 1305 2872 divinum
1327 2805 1427 2871 modis
1442 2805 1554 2892 quibus
1569 2817 1657 2893 pote-

275 2907 369 2972 rimus
394 2905 499 2994 gracia
517 2905 649 2993 desuper
673 2907 762 2972 nobis
783 2907 906 2976 favente
929 2925 1130 2998 augmentare
1149 2925 1182 2978 et
1202 2935 1382 2978 conservare
1408 2925 1512 2978 mente
1537 2910 1657 2976 solicita

275 3012 433 3100 cupientes
444 3049 450 3064 ·
461 3010 677 3078 Ecclesiemde
689 3011 917 3080 Rothmacneht
925 3029 1028 3082 nostre
1037 3017 1192 3083 dioceseos
1204 3041 1298 3104 quam
1307 3041 1349 3083 ex
1357 3016 1527 3083 donacione
1541 3015 1656 3082 nobilis

277 3119 334 3184 viri
348 3117 503 3184 Willelmi
524 3117 643 3184 dudum
666 3119 787 3185 comitis
809 3119 978 3189 Marisoelli
1000 3137 1092 3211 atque
1115 3147 1157 3191 ex
1182 3125 1380 3192 concessione
1402 3127 1484 3192 bone
1508 3123 1656 3190 memorie

278 3223 420 3312 Hugouis
434 3221 573 3310 episcopi
582 3222 746 3289 Feruensis
760 3224 981 3310 predecessoris
996 3228 1092 3292 nostri
1103 3253 1122 3294 a
1135 3241 1275 3317 tempore
1290 3253 1352 3318 quo
1367 3253 1431 3294 non
1440 3241 1528 3296 extat
1538 3251 1655 3292 memo-

277 3329 319 3394 ria
344 3328 377 3393 in
401 3329 543 3417 proprios
564 3351 638 3394 usus
656 3329 832 3417 possedistis
854 3344 886 3396 et
905 3331 940 3396 in
961 3334 1190 3420 presenciarum
1211 3335 1374 3423 possidetis
1393 3335 1432 3400 de
1454 3333 1659 3400 communiet

277 3434 414 3500 unanimi
428 3434 588 3500 voluntate
604 3459 639 3500 ac
654 3459 805 3501 consensu
819 3436 929 3502 decani
940 3449 971 3503 et
986 3439 1115 3526 capituli
1129 3440 1257 3507 ecclesie
1271 3455 1374 3506 nostre
1390 3438 1553 3505 Feruensis
1568 3438 1657 3504 vobis

278 3553 307 3604 et
324 3540 549 3606 successoribus
563 3541 672 3606 vestris
690 3542 725 3606 in
739 3555 925 3630 perpetuum
947 3544 1146 3612 concedimus
1160 3560 1193 3612 et
1204 3547 1421 3613 confirmamus
1435 3545 1610 3611 habendam
1625 3559 1657 3610 et

277 3644 440 3711 tenendam
457 3683 463 3696 ·
479 3645 672 3732 eandemque
695 3671 768 3714 cum
788 3649 932 3716 omnibus
943 3650 1067 3735 juribus
1081 3653 1144 3718 suis
1158 3667 1190 3718 et
1204 3651 1403 3742 pertinenciis
1418 3651 1573 3717 Prioratui
1587 3675 1656 3717 vcs-

279 3765 324 3816 tro
346 3751 504 3818 antedicto
522 3753 693 3840 pontificali
713 3755 894 3822 auctoritate
914 3757 1040 3824 unimus
1062 3770 1095 3824 et
1117 3758 1351 3825 consolidemus.
1398 3757 1491 3824 Salve
1512 3758 1602 3824 nobis
1625 3771 1658 3822 et

278 3858 500 3925 successoribus
521 3858 633 3924 nostris
657 3859 856 3926 ordinacione
870 3861 985 3927 vicarie
1004 3862 1131 3930 ecclesie
1147 3863 1301 3929 antedicte
1316 3875 1409 3951 prout
1423 3887 1480 3928 nos
1499 3875 1531 3928 et
1546 3862 1656 3950 prede·

278 3989 406 4032 cessores
428 3963 526 4029 nostri
547 3965 738 4052 temporibus
761 3965 919 4031 retroactis
933 3965 1032 4032 facere
1055 3967 1271 4034 consuevimus
1289 3981 1321 4033 et
1340 3981 1574 4034 consuevenmt.
1618 3969 1657 4034 In

280 4071 364 4157 cujus
378 4071 423 4137 rei
435 4070 647 4136 testimonium
661 4071 800 4160 sigillum
818 4089 957 4138 nostrum
980 4097 1043 4140 une
1057 4099 1129 4140 cum
1143 4074 1245 4163 sigillo
1260 4075 1419 4141 communi
1434 4075 1510 4141 dicti
1529 4075 1657 4163 capituli

279 4178 372 4242 nostri
391 4177 557 4244 Femensis
579 4180 773 4266 presentibus
799 4180 914 4268 apponi
933 4180 1071 4247 fecimus.
1116 4181 1235 4246 Datum
1256 4182 1341 4270 apud
1359 4181 1475 4270 Weys:
1501 4182 1553 4247 die
1566 4181 1655 4247 Jovis

282 4284 421 4369 proximo
437 4297 507 4373 post
524 4282 638 4350 festum
653 4285 736 4352 beati
754 4286 919 4352 Lcurencii
939 4275 1094 4352 martiris·
1112 4310 1192 4353 anno
1208 4287 1339 4353 Domini
1358 4303 1411 4353 m0.
1427 4311 1490 4355 ccc.
1502 4288 1656 4354 tricesimo

283 4403 380 4455 tercio.

1460 4500 1657 4590 Inspeximus
