4284 5412
942 652 988 726 43

267 809 344 874 festo
360 807 479 875 Pesclre
493 819 627 894 quatuor
641 808 755 874 solidos
765 807 885 897 argenti
901 809 940 875 ad
954 809 1033 876 duos
1044 809 1118 875 anni
1133 808 1281 875 terminos
1295 809 1334 876 de
1349 811 1458 876 eodem
1472 823 1651 879 tenemento

268 913 426 980 annuatim
442 915 615 1002 percipiant
632 916 863 1005 imperpetuum
880 955 886 969 ·
902 917 1102 984 medietatem
1121 917 1269 985 videlicet
1287 918 1322 983 in
1341 919 1426 986 omni
1439 919 1518 986 festo
1533 921 1652 987 Pesche

269 1020 405 1086 stolium
421 1019 620 1088 medietatem
634 1023 669 1088 in
684 1022 770 1088 omni
783 1023 862 1090 festo
878 1023 985 1090 Sancti
1000 1023 1174 1091 Michaelis.

329 1124 374 1189 Et
389 1125 481 1191 liceat
494 1125 642 1214 predictis
657 1127 759 1192 Priori
779 1142 811 1194 et
825 1129 994 1194 conventui
1009 1142 1041 1196 et
1055 1129 1279 1195 successoribus
1298 1129 1361 1195 suis
1375 1131 1549 1219 predictum
1564 1146 1650 1199 tene-

269 1245 406 1296 mentum
428 1255 471 1298 ex
486 1255 683 1319 quacumque
696 1247 783 1321 parte
798 1235 954 1301 voluerint
968 1257 1027 1322 pro
1046 1235 1187 1323 predicto
1211 1235 1336 1302 redditu
1352 1237 1450 1303 libere
1464 1238 1610 1324 quociens
1634 1265 1652 1305 n

269 1355 349 1406 retro
356 1341 453 1410 fuerit
463 1340 646 1428 distringere
661 1355 693 1406 et
703 1340 910 1407 districtiones
921 1365 1018 1427 nsque
1030 1341 1069 1406 ad
1081 1341 1204 1429 plenam
1220 1341 1297 1406 dicti
1308 1343 1449 1409 redditus
1462 1344 1651 1412 solucionem

269 1447 407 1513 retinere.
451 1445 490 1510 In
513 1446 603 1529 cujus
625 1445 670 1510 rei
689 1445 901 1511 testimonium
916 1446 991 1512 huic
1006 1446 1175 1512 dividendo
1198 1447 1301 1532 sigilla
1315 1449 1455 1535 parcium
1478 1448 1652 1515 alternatim

266 1566 336 1616 sunt
347 1575 491 1640 appensa.
535 1551 655 1616 Datum
669 1551 791 1618 Dublin
805 1551 840 1616 in
854 1549 963 1639 vigilia
975 1551 1097 1617 Pasche
1108 1575 1190 1618 anno
1204 1553 1392 1640 supradicto.

919 1917 1001 1990 XL.

465 2103 522 2177 Bt
539 2115 708 2178 urrann
727 2104 760 2178 tn
779 2102 843 2177 atta
859 2103 921 2178 ttn
940 2104 974 2178 tn
990 2104 1134 2195 arntttr
1153 2103 1275 2189 &nnat
1292 2106 1449 2184 nataret

371 2293 430 2360 Eo
444 2307 490 2359 cst
503 2293 675 2359 convencio
685 2292 766 2359 secta
779 2291 862 2358 inter
872 2292 1013 2360 Priorem
1027 2306 1060 2359 et
1073 2308 1261 2360 conventum
1275 2295 1384 2360 domus
1394 2295 1545 2361 Omnium
1557 2296 1652 2364 Sanc-

392 2413 495 2465 torum
505 2400 600 2486 juxta
615 2399 736 2464 Dublin
751 2423 792 2464 ex
807 2413 894 2488 parte
909 2424 972 2466 une
990 2416 1022 2465 et
1035 2401 1196 2488 Rogemm
1211 2399 1343 2467 Colman
1358 2401 1459 2466 civem
1474 2401 1596 2466 Dublin
1611 2425 1653 2467 ex

270 2507 363 2573 altera
378 2545 385 2559 ·
401 2506 548 2572 videlicet
562 2506 646 2592 quod
661 2506 793 2594 predicti
808 2506 898 2572 Prior
912 2521 944 2572 et
963 2523 1134 2574 conventus
1156 2507 1298 2575 unanimi
1313 2532 1437 2574 assensu
1456 2522 1488 2573 et
1502 2531 1653 2574 consensu

269 2613 366 2678 tocius
380 2612 509 2700 capituli
520 2612 568 2677 sni
579 2626 795 2678 concesserunt
809 2626 841 2677 et
854 2612 1049 2679 tradiderunt
1059 2613 1143 2679 dicto
1158 2615 1283 2702 Rogero
1294 2629 1395 2678 totum
1409 2614 1565 2680 redditum
1581 2639 1653 2680 cum

269 2719 465 2808 pertinenciis
480 2719 714 2806 provenientem
729 2719 768 2785 de
788 2720 922 2805 quadam
937 2721 1044 2808 placea
1058 2735 1138 2786 terre
1157 2745 1229 2786 cum
1249 2719 1448 2808 pertinenciis
1469 2719 1503 2784 in
1526 2719 1653 2786 civitate

271 2825 389 2892 Dublin
399 2826 434 2890 in
452 2825 599 2913 parochia
614 2825 721 2892 Sancti
735 2826 885 2894 Audoeni
901 2865 908 2880 ·
925 2827 1114 2914 quequidem
1130 2827 1235 2914 placeo
1249 2841 1329 2892 tenu
1340 2827 1426 2912 jacet
1439 2825 1473 2890 in
1487 2823 1653 2890 latitudine

271 2929 871 2997 intertenementumHenriciMarechal
880 2955 921 2996 ex
931 2945 1017 3019 parte
1027 2930 1168 2996 orientali
1177 2928 1654 3017 ettonemcntumipsiusRogeri

271 3059 309 3102 ex
323 3050 410 3124 parte
425 3035 669 3102 occidentali-et
679 3035 823 3102 extendit
837 3060 871 3102 se
883 3037 918 3101 in
927 3035 1125 3124 longitudine
1136 3037 1175 3102 ab
1189 3036 1267 3101 Alto
1282 3035 1353 3101 vico
1367 3035 1503 3100 civitatis
1513 3035 1652 3122 predicte

272 3166 309 3208 ex
325 3156 411 3232 parte
426 3142 551 3208 australi
565 3167 664 3229 usque
678 3144 718 3211 ad
733 3157 945 3210 tenementum
960 3145 1038 3212 dicti
1053 3145 1184 3211 Henrici
1200 3143 1361 3211 Marechal
1375 3167 1417 3208 ex
1431 3155 1518 3230 parte
1533 3142 1651 3228 aquilo·

272 3248 331 3314 nali
348 3286 354 3300 ·
370 3247 549 3314 habendum
569 3261 602 3314 et
614 3247 786 3314 tenendum
801 3262 902 3313 totum
917 3247 1092 3335 predictum
1111 3247 1269 3312 redditum
1285 3271 1357 3311 cum
1372 3244 1571 3333 pertinenciis
1589 3245 1651 3310 suis

273 3351 352 3420 dicto
368 3351 492 3440 Rogero
514 3351 681 3418 heredibus
704 3364 736 3416 et
758 3351 920 3438 assignatis
942 3350 1006 3416 suis
1029 3350 1068 3416 de
1091 3351 1240 3439 predictis
1257 3351 1365 3416 Priore
1384 3365 1417 3416 et
1438 3365 1595 3417 conventu
1620 3365 1653 3418 et

273 3482 376 3526 eorum
399 3458 624 3526 successoribus
646 3459 686 3525 ad
700 3459 869 3525 terminum
883 3473 1010 3526 centum
1024 3472 1056 3524 ct
1070 3459 1179 3524 decern
1197 3481 1349 3522 annorum
1363 3456 1506 3545 proxime
1521 3481 1651 3544 sequen·

273 3563 352 3630 cium
366 3563 504 3652 plenarie
518 3564 744 3651 completorum
757 3579 790 3629 et
803 3562 936 3650 amplius
946 3599 954 3614 ·
964 3561 1133 3650 incipiente
1148 3561 1281 3626 termino
1295 3561 1329 3626 in
1340 3561 1417 3626 festo
1429 3561 1535 3627 Sancti
1550 3563 1652 3630 Mami

273 3670 457 3759 evangeliste
472 3695 554 3736 anno
569 3671 698 3736 Domini
713 3670 878 3736 millesimo
901 3694 955 3736 ccc
978 3683 1088 3755 quarto
1114 3669 1192 3734 adeo
1214 3668 1336 3755 integre
1357 3681 1389 3732 et
1411 3667 1549 3754 plenarie
1572 3669 1653 3736 siout

274 3774 345 3842 dicti
360 3775 450 3842 Prior
464 3789 497 3842 et
510 3793 680 3844 conventus
704 3791 758 3842 aut
776 3775 1005 3864 predecemores
1027 3774 1075 3840 sui
1090 3775 1225 3840 eundem
1239 3773 1397 3838 redditum
1411 3773 1587 3840 habuerunt
1601 3775 1652 3841 vel

274 3877 382 3946 habere
399 3880 583 3945 debuerunt.

332 3985 506 4054 Reddendo
520 3985 594 4052 inde
614 3986 776 4052 annuatim
790 3986 883 4052 ffictis
896 3986 998 4053 Priori
1012 4003 1045 4052 et
1062 3987 1231 4054 conventui
1245 4000 1278 4054 et
1296 4011 1403 4054 eorum
1427 3989 1650 4055 successoribus

272 4089 351 4158 idem
366 4092 507 4181 Rogems
522 4107 554 4159 et
567 4094 696 4160 heredes
710 4093 758 4159 sui
773 4095 824 4160 rel
838 4093 984 4182 assignati
999 4094 1140 4180 quolibet
1154 4119 1237 4160 anno
1249 4096 1420 4183 primorum
1431 4097 1539 4162 decem
1554 4121 1651 4162 anno·

271 4217 337 4262 rum
352 4197 514 4264 dimidiam
534 4223 668 4266 marcam
683 4201 803 4290 argenti
817 4201 859 4268 ad
872 4202 985 4268 festum
1007 4202 1119 4268 natalis
1129 4202 1259 4268 Domini
1274 4217 1307 4268 et
1320 4203 1460 4289 quolibet
1475 4227 1555 4270 anno
1577 4207 1649 4271 sub·

272 4306 409 4391 sequenti
423 4307 531 4374 decem
546 4306 660 4372 solidos
670 4344 677 4359 ·
687 4307 887 4373 medietatem
902 4307 942 4374 ed
956 4306 1069 4372 festum
1084 4305 1194 4372 natalis
1202 4305 1332 4371 Domini
1346 4323 1378 4373 et
1392 4307 1519 4372 alteram
1532 4309 1650 4375 medie-

274 4425 365 4480 tatem
379 4414 420 4480 ad
434 4415 546 4482 festum
559 4414 743 4487 Natiuitatis
759 4415 867 4482 Sancti
880 4415 902 4482 J
903 4413 1034 4480 ohannis
1048 4412 1181 4501 baptiste
1195 4435 1253 4501 pro
1266 4412 1385 4478 cunctis
1398 4413 1498 4478 rebus.
1583 4431 1586 4436 ·

927 4519 957 4584 G
975 4540 992 4586 2
1604 4515 1648 4580 Et
