4284 5412
1127 631 1175 706 34

462 795 595 862 termino
610 793 728 860 Pasche
742 805 775 859 et
789 792 866 858 duos
877 790 990 856 solidos
1004 789 1039 855 in
1052 789 1186 856 termino
1202 789 1308 856 Sancti
1320 789 1485 856 Michaelis
1500 829 1507 841 ·
1522 789 1701 857 habendum
1715 805 1747 857 et
1761 793 1841 882 opti-

463 900 601 968 nendum
616 900 698 966 dicte
713 900 823 964 domus
846 897 1001 963 canonicis
1021 908 1173 962 eteorum
1195 897 1418 963 successoribus
1433 898 1467 962 in
1486 913 1670 986 perpetuum
1684 898 1718 962 in
1732 923 1841 987 puram

463 1022 495 1073 et
508 1021 689 1094 perpetuam
713 979 911 1070 cleinosinam
931 1016 963 1068 et
977 1002 1107 1068 liberam
1123 1003 1161 1067 ab
1177 1003 1261 1066 omni
1285 1003 1405 1068 actione
1425 1003 1595 1069 vexacione
1619 1020 1651 1068 et
1666 1003 1818 1072 demanda
1835 1047 1841 1058 ·

462 1112 580 1178 seilicet
590 1111 630 1176 de
642 1124 721 1175 terra
731 1108 785 1173 illa
799 1131 860 1193 que
871 1105 1050 1194 contignata
1063 1117 1110 1170 est
1125 1103 1193 1170 vico
1209 1128 1269 1190 que
1280 1105 1368 1171 ducit
1382 1105 1422 1171 ad
1432 1106 1593 1172 scalarium
1608 1106 1752 1173 cimiterii
1767 1109 1844 1176 dicti

463 1218 590 1284 ecclesie
607 1215 713 1283 Sancti
729 1212 893 1280 Michaelis
910 1252 916 1265 ·
932 1225 965 1279 et
983 1227 1030 1278 est
1048 1212 1083 1276 in
1097 1211 1261 1278 latitudine
1285 1237 1340 1301 per
1362 1237 1506 1302 magnam
1532 1229 1658 1280 stratam
1681 1241 1741 1302 que
1756 1217 1843 1283 ducit

463 1349 569 1390 versus
583 1337 704 1412 portam
715 1323 820 1389 Sancti
832 1322 961 1389 Martini
973 1348 991 1388 a
1002 1322 1085 1388 dioto
1097 1321 1168 1388 vieo
1180 1321 1262 1388 dicte
1274 1323 1402 1390 ecclesie
1413 1323 1558 1389 cimiterii
1572 1349 1670 1411 usque
1681 1326 1721 1390 ad
1732 1341 1843 1392 terram

464 1431 595 1498 Henrici
610 1431 765 1496 Wantarii
782 1469 789 1482 ·
805 1446 837 1496 et
851 1430 944 1496 estin
964 1428 1161 1518 longitudine
1185 1430 1301 1496 adicta
1323 1454 1437 1518 magna
1459 1447 1553 1497 strata
1574 1456 1672 1517 usque
1688 1431 1843 1497 adortum

465 1538 547 1605 dicte
562 1537 690 1604 ecclesie
703 1536 808 1604 Sancti
820 1538 992 1604 Michaelis.
1030 1539 1073 1604 Et
1087 1551 1123 1603 ut
1136 1538 1194 1603 hee
1209 1562 1278 1604 mea
1288 1538 1419 1605 donacio
1433 1540 1588 1606 concessio
1603 1555 1635 1604 et
1649 1539 1844 1604 confirmacio

464 1659 529 1707 rata
544 1657 740 1730 perseverent
760 1657 792 1708 et
805 1643 986 1710 inconcussa
1000 1645 1034 1709 in
1048 1659 1234 1734 perpetuum
1248 1645 1421 1710 habeantur
1434 1644 1584 1733 presentis
1606 1644 1712 1732 scripti
1731 1644 1844 1732 pagine

465 1747 602 1836 sigillum
617 1773 721 1814 meum
736 1750 796 1816 feci
811 1751 934 1838 apponi.
979 1751 1052 1816 Hiis
1067 1752 1196 1817 testibus
1212 1790 1220 1803 ·
1236 1752 1344 1817 Priore
1369 1751 1481 1818 Sancto
1497 1751 1659 1817 Trinitatis
1676 1787 1683 1802 ·
1698 1752 1844 1839 magistro

467 1857 506 1919 T.
521 1856 702 1922 cancellario
716 1857 821 1924 Sancti
836 1859 963 1926 Patricii
981 1897 987 1911 ·
1004 1859 1043 1926 G.
1059 1859 1099 1925 de
1111 1859 1235 1925 Turvill
1249 1859 1465 1926 archidiacono
1480 1858 1601 1924 Dublin
1617 1895 1624 1910 ·
1641 1857 1767 1922 domino
1777 1856 1843 1923 Gil-

466 1962 554 2025 berto
564 1960 615 2026 del
624 1962 708 2026 Ynet
721 2000 727 2012 ·
740 1961 866 2027 domino
875 1963 1010 2030 Ricardo
1018 1965 1146 2030 Ancum
1157 1966 1203 2050 [Ρ]
1219 2003 1225 2015 ·
1238 1964 1364 2030 domino
1375 1964 1542 2051 Radulpho
1551 1963 1572 2029 J
1573 1962 1691 2030 anitore
1702 2002 1708 2014 ·
1719 1963 1845 2028 domino

467 2067 604 2132 llobcrto
619 2066 745 2132 Pollard
759 2082 791 2133 ct
805 2067 880 2132 aliis.

1078 2329 1228 2401 XXXI.

467 2512 523 2585 Mt
541 2515 666 2602 gattico
684 2514 718 2587 tu
734 2517 838 2587 tactu
855 2513 999 2605 parochia
1016 2532 1048 2587 u
1064 2525 1150 2605 pour
1162 2513 1276 2588 tottalt
1291 2515 1349 2588 ott
1366 2535 1426 2606 quo
1445 2516 1507 2589 tuu
1524 2536 1543 2589 a
1561 2516 1714 2592 tratribus
1730 2535 1843 2590 tatur·

468 2629 746 2730 1t1[au]iatrtsus
763 2633 929 2718 &annau
946 2633 1137 2725 Matrinum.

569 2820 628 2885 Ec
652 2820 817 2886 indentura
831 2820 911 2886 facta
936 2820 1020 2908 apud
1039 2820 1160 2887 Dublin
1183 2820 1235 2889 die
1249 2823 1338 2889 Jovis
1360 2823 1504 2910 proximo
1523 2837 1594 2911 post
1612 2823 1723 2889 festum
1740 2824 1845 2891 Sancti

590 2926 731 2992 Barnabe
755 2926 885 3014 apostoli
908 2951 989 2992 anno
1011 2926 1093 3014 regis
1107 2926 1256 2993 Edwardi
1271 2927 1359 2993 tercii
1378 2945 1448 3016 post
1469 2943 1673 3014 conquestum
1691 2929 1844 2995 tricesimo

469 3051 578 3100 octavo
596 3073 602 3084 ·
618 3034 699 3100 inter
710 3035 851 3100 Priorem
870 3049 902 3100 et
923 3049 1113 3101 conventum
1128 3035 1238 3101 domus
1253 3035 1405 3102 Omnium
1422 3035 1606 3102 Sanctorum
1616 3035 1711 3121 juxta
1725 3035 1845 3101 Dublin

467 3166 509 3206 ex
524 3156 611 3229 parte
634 3165 697 3206 una
719 3154 751 3205 et
766 3139 936 3227 Symonem
951 3139 1086 3227 Typpyr
1100 3153 1132 3205 ct
1147 3138 1252 3205 Eliam
1269 3139 1420 3205 Sherman
1430 3163 1472 3204 ex
1487 3138 1582 3204 altera
1598 3177 1605 3191 ·
1620 3152 1749 3204 testatur
1763 3137 1846 3224 quod

468 3245 599 3334 predicti
611 3246 702 3311 Prior
715 3260 747 3312 et
761 3261 931 3311 conventus
940 3245 979 3311 dc
994 3270 1100 3312 corum
1115 3246 1256 3312 unanimi
1271 3270 1393 3312 assensu
1408 3259 1440 3312 et
1450 3269 1600 3312 consensu
1611 3244 1764 3310 dederunt
1774 3269 1845 3310 oon-

468 3369 624 3422 cesserunt
634 3370 667 3421 et
677 3354 717 3420 ad
727 3354 848 3419 firmam
859 3352 1052 3418 tradidcrrmt
1063 3350 1209 3440 predictis
1223 3352 1352 3440 Symoni
1361 3367 1393 3438 et
1404 3351 1475 3418 Elie
1490 3376 1588 3417 unum
1599 3351 1764 3440 gardinum
1775 3375 1845 3417 cum

469 3461 531 3526 suis
550 3459 749 3548 pertinenciis
772 3458 807 3523 in
827 3459 974 3524 suburbio
989 3457 1140 3524 Dublinie
1154 3457 1189 3522 in
1207 3457 1353 3546 parochia
1368 3457 1475 3526 Sancti
1488 3459 1693 3544 [Michaelis]
1705 3457 1756 3522 del
1771 3456 1845 3521 Pol·

469 3564 647 3631 habendum
663 3581 695 3632 et
709 3565 878 3631 tenendum
893 3565 1039 3653 predictis
1056 3565 1187 3653 Symoni
1202 3581 1233 3632 et
1247 3566 1319 3632 Elie
1334 3564 1499 3632 heredibus
1513 3579 1545 3630 et
1559 3562 1718 3653 assignatis
1732 3563 1794 3628 suis
1808 3563 1848 3628 ad

470 3670 637 3736 torminum
651 3670 765 3759 viginti
780 3693 931 3735 annorum
947 3705 953 3720 ·
970 3668 1102 3734 termino
1117 3693 1191 3734 vero
1205 3668 1374 3757 incipiente
1389 3668 1429 3735 ad
1443 3667 1554 3733 festum
1568 3667 1673 3733 Sancti
1686 3665 1848 3734 Michaelis

470 3776 646 3862 archangeli
660 3776 805 3863 proximo
824 3775 964 3842 futurum
981 3813 987 3826 ·
1004 3775 1178 3842 Reddendo
1200 3775 1275 3866 inde
1294 3774 1426 3864 predicti
1442 3774 1551 3841 Simon
1575 3789 1607 3839 et
1621 3771 1707 3837 Elias
1721 3771 1848 3837 heredes

471 3903 503 3951 et
533 3884 677 3973 assignati
700 3884 748 3950 sui
767 3882 914 3972 predictis
939 3882 1042 3947 Priori
1064 3895 1097 3946 et
1118 3881 1287 3947 conventui
1309 3894 1342 3946 et
1366 3902 1473 3945 eorum
1501 3875 1724 3944 successoribus
1749 3875 1848 3963 primo

472 4017 553 4058 anno
568 3991 712 4080 proximo
736 4003 882 4077 sequente
900 4008 970 4079 post
989 3989 1164 4078 predictum
1178 3989 1290 4054 festum
1307 3987 1412 4054 Sancti
1428 3985 1592 4051 Michaelis
1606 4006 1704 4049 unum
1718 4005 1848 4070 granum

472 4106 618 4172 frumenti
638 4105 679 4171 ad
692 4104 804 4170 festum
818 4103 936 4168 Pasche
951 4125 1007 4189 pro
1030 4100 1116 4166 omni
1140 4099 1269 4165 servicio
1289 4097 1451 4164 exactione
1471 4111 1503 4162 et
1517 4094 1678 4161 demanda.
1722 4093 1767 4158 Et
1781 4108 1849 4181 post

471 4215 645 4303 predictum
660 4212 795 4300 primum
807 4233 922 4276 annum
933 4208 1070 4298 plenarie
1085 4206 1275 4296 completum
1289 4205 1447 4272 reddendo
1458 4204 1532 4270 inde
1547 4201 1707 4269 annuatim
1718 4198 1849 4288 predicti

476 4320 585 4386 Simon
603 4333 635 4384 et
649 4317 735 4383 Elias
750 4315 877 4382 heredes
900 4331 931 4382 et
945 4313 1091 4402 assignati
1105 4313 1153 4378 sni
1174 4311 1322 4400 predictis
1336 4309 1437 4376 Priori
1457 4324 1489 4376 et
1511 4306 1679 4376 conventui
1694 4321 1725 4371 et
1744 4327 1849 4370 eorum

473 4423 696 4492 successoribus
707 4419 880 4489 octodecim
891 4417 1032 4485 denarios
1047 4415 1167 4504 argenti
1183 4453 1189 4466 ·
1205 4414 1403 4498 medietatem
1414 4412 1562 4480 videlicet
1573 4411 1612 4478 ad
1623 4411 1734 4476 festum
1746 4406 1851 4474 Sancti

1688 4511 1851 4579 Michaelis
