4306 5414
1144 667 1193 737 94

1123 885 1211 960 VII.

513 1075 706 1174 [tutemet.
749 1069 825 1153 ethi
843 1072 961 1159 amant
977 1067 1010 1139 at
1027 1068 1076 1150 tor
1094 1063 1245 1154 uolutat
1262 1064 1349 1155 pttm
1365 1061 1408 1151 bo
1427 1062 1492 1146 tota
1510 1061 1620 1150 bitte,
1640 1083 1697 1158 34
1716 1055 1821 1157 tella]

541 1251 636 1317 Ciant
649 1259 805 1337 presentes
825 1257 857 1310 et
879 1242 977 1308 futuri
992 1241 1077 1328 quod
1096 1265 1152 1306 nos
1168 1241 1307 1308 Thomas
1324 1238 1455 1328 Smythe
1476 1237 1576 1324 major
1590 1235 1726 1303 civitatis
1745 1233 1868 1301 Dublin

563 1355 717 1444 Georgius
732 1352 868 1439 Kenedy
882 1365 914 1418 et
932 1351 954 1417 J
955 1350 1091 1416 ohannes
1106 1347 1212 1416 Milles
1226 1347 1425 1415 vicecomites
1445 1345 1586 1432 ejusdem
1605 1344 1742 1412 civitatis
1760 1367 1867 1410 comu-

475 1466 556 1531 nitas
571 1476 603 1529 et
617 1461 701 1527 cives
722 1459 805 1524 dicte
827 1456 962 1524 civitatis
979 1494 985 1507 ·
1002 1456 1145 1522 dedimus
1167 1455 1373 1522 concessimus
1393 1466 1425 1519 et
1443 1452 1503 1518 hac
1517 1451 1653 1540 presenti
1667 1465 1752 1518 carta
1765 1463 1870 1516 nostra

475 1569 638 1635 indentata
652 1564 903 1632 confirmavimus
917 1563 1043 1628 Adsmo
1058 1563 1170 1630 Loftus
1192 1587 1276 1630 sacre
1291 1560 1465 1649 Theologie
1487 1559 1607 1625 doctori
1620 1557 1869 1646 Archiepiscopo

478 1674 601 1740 Dublin
616 1686 648 1739 et
661 1673 755 1758 hujus
777 1671 866 1758 regni
878 1671 1032 1737 Hibernie
1047 1671 1231 1737 cancellario
1242 1669 1400 1759 preposito
1410 1668 1536 1757 collegii
1548 1680 1653 1734 sancte
1663 1679 1696 1732 et
1705 1664 1870 1732 individue

478 1778 642 1844 Trinitatis
652 1778 748 1864 juxta
762 1777 885 1844 Dublin
900 1803 918 1844 a
932 1778 1125 1844 serenissima
1139 1779 1266 1845 domina
1280 1777 1404 1866 Regina
1418 1775 1584 1843 Elisabeth
1597 1773 1721 1840 fundati
1735 1772 1825 1840 sociis
1839 1785 1872 1838 et

477 1884 646 1952 scolaribus
659 1884 800 1971 ejusdem
815 1885 940 1974 collegii
957 1899 1055 1953 totam
1075 1887 1204 1952 domum
1226 1886 1359 1953 fundum
1382 1885 1495 1952 scitum
1517 1883 1670 1951 ambitum
1685 1895 1718 1948 et
1731 1879 1869 1970 precinc-

478 2000 547 2054 tum
561 2012 662 2077 nuper
676 1990 829 2076 prioratus
850 1992 915 2057 sive
939 1993 1050 2058 domus
1063 1994 1209 2082 religiose
1225 1993 1379 2062 Omnium
1397 1993 1582 2060 Sanctorum
1596 1990 1692 2076 juxta
1710 1987 1870 2055 civitatem

477 2093 649 2181 predictam
664 2095 698 2159 in
716 2095 866 2161 comitatu
888 2096 971 2163 dicte
992 2097 1128 2164 civitatis
1149 2112 1182 2164 et
1202 2100 1284 2164 infra
1305 2099 1493 2166 franehesias
1514 2097 1655 2183 ejusdem
1676 2095 1813 2162 civitatis
1833 2119 1870 2161 ac

478 2197 572 2263 etiam
583 2210 681 2264 totam
692 2199 853 2266 ecelesiam
864 2213 896 2266 et
907 2201 1259 2289 semitoriumejusdem.
1285 2205 1417 2270 Necnon
1432 2204 1537 2270 omnia
1550 2204 1681 2292 gardins
1694 2203 1800 2268 hortos
1814 2225 1870 2291 po·

478 2303 575 2368 meria
589 2317 677 2391 prata
690 2318 830 2391 pasturae
844 2317 1022 2372 tenementa
1036 2319 1068 2372 et
1082 2306 1329 2372 hereditamenta
1342 2322 1448 2373 nostra
1465 2306 1569 2372 eidem
1584 2306 1692 2372 domui
1706 2307 1774 2372 siue
1787 2306 1869 2395 prio·

478 2407 560 2474 ratui
578 2408 728 2496 contigua
745 2421 778 2474 et
796 2408 970 2495 adjacentia
988 2434 1088 2498 nuper
1103 2411 1251 2498 percellas
1271 2411 1499 2498 possessionum
1517 2411 1650 2498 predicti
1669 2435 1770 2499 nuper
1786 2411 1869 2499 prio·

478 2528 562 2580 ratus
581 2539 617 2581 ac
636 2515 776 2580 redditus
797 2528 830 2581 et
847 2515 1040 2582 reverciones
1055 2516 1226 2584 eorundem
1243 2518 1325 2584 siout
1340 2541 1373 2584 se
1392 2518 1569 2584 extendunt
1585 2517 1619 2582 in
1640 2517 1838 2606 longitudine
1853 2541 1872 2583 a

478 2645 588 2709 campo
615 2635 726 2687 vocato
752 2622 875 2709 anglice
901 2623 1039 2712 Hoggen
1063 2623 1167 2690 Grene
1192 2648 1235 2691 ex
1258 2639 1345 2712 parte
1367 2623 1553 2690 occidentali
1574 2648 1673 2711 usque
1696 2625 1736 2690 ad
1756 2638 1870 2690 terram

479 2754 580 2818 nuper
593 2729 772 2796 monasterii
786 2732 876 2796 beate
898 2730 1000 2796 Marie
1021 2729 1153 2818 virginis
1170 2730 1266 2816 juxte
1288 2729 1411 2796 Dublin
1432 2729 1570 2795 nuncin
1591 2741 1702 2795 tenura
1715 2729 1870 2795 lobannis

479 2834 617 2923 Dougan
638 2835 780 2922 generosi
798 2858 840 2900 ex
859 2847 947 2922 parte
970 2833 1113 2900 orientali
1134 2847 1167 2900 et
1188 2833 1268 2900 sicut
1285 2833 1393 2919 jacent
1406 2834 1440 2899 in
1458 2834 1626 2902 latitudine
1640 2860 1659 2900 a
1675 2835 1796 2902 vanella
1809 2859 1871 2922 que

480 2943 569 3010 ducit
583 2943 623 3008 ad
636 2943 754 3008 fontem
771 2941 878 3008 Sancti
893 2940 1021 3007 Patricii
1036 2963 1078 3008 ex
1093 2952 1180 3027 parte
1189 2939 1315 3004 australi
1329 2963 1427 3024 usque
1442 2938 1483 3004 ed
1496 2952 1611 3006 terrem
1625 2940 1797 3028 predictam
1810 2964 1870 3007 nn·

480 3071 537 3135 per
550 3045 730 3112 monasterii
744 3047 834 3112 beate
842 3044 944 3110 Mario
958 3043 1090 3132 virginis
1099 3057 1131 3109 et
1144 3043 1262 3108 fiumen
1272 3043 1447 3110 deAnliffie
1462 3067 1503 3110 ex
1513 3044 1624 3110 boriali
1639 3059 1735 3132 parte.
1769 3046 1871 3112 Saluis

480 3169 513 3222 et
531 3176 652 3240 semper
665 3152 756 3218 nobis
775 3150 900 3238 prefatis
922 3150 1034 3236 majori
1048 3164 1081 3216 et
1094 3149 1331 3216 vicecomitibus
1350 3149 1536 3216 comunitati
1556 3164 1588 3216 et
1605 3152 1728 3219 civibus
1751 3166 1783 3219 et
1802 3178 1871 3220 suc-

480 3260 650 3328 cessoribus
665 3258 776 3324 uostris
791 3258 1022 3346 imperpetuum
1037 3256 1179 3344 exceptis
1197 3271 1230 3321 et
1248 3255 1410 3322 reservetis
1431 3256 1577 3322 omuibus
1594 3272 1628 3323 et
1646 3258 1777 3348 singulis
1791 3261 1872 3326 imu-

481 3365 632 3432 nitatibus
661 3364 818 3453 regalibus
840 3362 1056 3452 regalitatibus
1074 3361 1270 3428 libertatibus
1292 3361 1465 3450 privilegiis
1484 3362 1755 3449 jurisdictionibus
1780 3366 1873 3432 curiis

481 3472 761 3561 vicefranciplegiis
783 3470 964 3536 franchesiis
986 3469 1136 3536 custumis
1164 3470 1282 3534 usubus
1305 3468 1586 3557 prescripcionibus
1607 3483 1639 3536 et
1656 3471 1781 3556 juribus
1803 3472 1872 3559 qui-

481 3581 674 3666 buscumque
688 3603 746 3644 nos
759 3576 894 3667 predicti
909 3578 1009 3663 major
1023 3577 1223 3644 vicecomites
1240 3576 1415 3644 comunitas
1430 3589 1463 3642 et
1476 3577 1560 3642 cives
1575 3589 1630 3642 eut
1642 3577 1872 3665 predecessores

482 3687 580 3754 nostri
594 3702 648 3754 eut
663 3687 813 3774 separales
827 3686 1061 3774 corporaciones
1081 3685 1164 3752 infra
1185 3685 1302 3751 dietam
1321 3685 1483 3750 ciuitatem
1503 3685 1654 3752 habemus
1672 3684 1738 3751 sive
1757 3686 1873 3752 habent

481 3794 619 3860 velante
634 3793 692 3859 heo
711 3793 877 3859 habuimus
896 3792 947 3858 vel
961 3792 1139 3858 habuerunt
1158 3816 1213 3858 seu
1228 3791 1267 3856 de
1282 3791 1354 3876 jure
1375 3790 1489 3857 habere
1511 3790 1676 3856 debuimus
1692 3791 1743 3856 vel
1757 3791 1873 3858 debue-

482 3911 557 3966 runt
571 3898 819 3985 quibuscumque
835 3898 894 3963 viis
914 3897 1137 3964 donacionibus
1158 3896 1408 3963 concessionibus
1430 3908 1484 3961 aut
1504 3895 1605 3960 modis
1624 3895 1873 3984 quibuscumque

482 4021 515 4074 et
535 4005 803 4093 qualitercumque
823 4004 905 4070 infra
926 4004 1056 4070 domum
1076 4004 1209 4070 fundum
1229 4002 1341 4068 scitum
1360 4001 1514 4068 ambitum
1532 4001 1724 4089 precinctum
1743 4003 1874 4092 gardina

482 4126 579 4180 terras
593 4123 771 4178 tenementis
785 4126 817 4177 et
831 4112 1078 4178 hereditamenta
1091 4111 1232 4199 superius
1250 4109 1427 4198 specificata
1441 4121 1495 4174 aut
1508 4133 1565 4196 per
1578 4133 1634 4174 nos
1647 4133 1792 4176 concessa
1806 4112 1873 4178 abs·

483 4243 544 4306 que
559 4219 624 4285 ulla
642 4218 862 4285 molestacione
884 4218 1128 4286 contradictione
1148 4232 1202 4285 eut
1221 4215 1598 4310 impedimentopredicti
1612 4215 1760 4303 prepositi
1775 4216 1874 4292 socio·-

482 4351 553 4393 rum
562 4340 594 4393 et
603 4327 767 4394 scolarium
780 4341 812 4393 et
826 4352 933 4393 eorum
949 4351 1166 4393 successorum.
1202 4325 1358 4392 Habenda
1372 4339 1405 4389 et
1418 4323 1554 4390 tenenda
1562 4323 1734 4410 predictam
1744 4323 1872 4388 domum

481 4432 615 4498 fundum
631 4433 743 4499 scitum
758 4431 911 4500 ambitum
926 4445 958 4498 et
972 4431 1166 4520 precinctum
1181 4455 1216 4497 ac
1231 4441 1333 4497 cetera
1347 4429 1481 4518 premisa
1496 4427 1651 4517 (exeeptis
1661 4428 1871 4517 preexoeptis)

1752 4533 1871 4622 prefato
