4306 5414
951 676 997 750 95

276 835 393 926 prefato
407 836 565 925 preposito
584 835 675 902 sociis
697 847 729 902 et
747 835 915 903 scolaribus
936 848 969 902 et
991 833 1216 902 successoribus
1236 833 1298 900 suis
1312 835 1353 901 sd
1366 833 1527 924 proprium
1542 859 1620 926 opus
1635 849 1667 904 et

277 967 367 1010 usum
379 941 490 1031 prelati
499 941 647 1031 prepositi
657 940 812 1008 sociorum
823 955 856 1008 et
865 941 1029 1008 scolarium
1039 953 1072 1006 et
1085 963 1193 1006 eorum
1202 964 1411 1007 successorum
1425 941 1665 1030 imperpetuum.

277 1047 429 1115 Tenenda
443 1049 482 1113 de
498 1048 683 1136 capitalibus
698 1047 833 1114 dominis
847 1073 905 1136 per
918 1048 1086 1115 servicium
1100 1048 1174 1114 inde
1189 1047 1332 1114 debitum
1346 1048 1431 1114 etde
1441 1048 1513 1133 jure
1535 1073 1664 1116 consue-

278 1165 353 1219 tum.
400 1153 446 1218 Et
459 1153 587 1241 insuper
599 1177 656 1220 nos
671 1153 782 1242 prefati
797 1153 897 1239 major
910 1152 1111 1220 vicecomites
1133 1153 1308 1219 comanitas
1327 1167 1359 1219 et
1377 1153 1461 1220 cives
1483 1154 1565 1222 dicte
1587 1155 1664 1221 civi-

275 1261 347 1328 tatis
360 1284 417 1350 pro
431 1260 521 1328 nobis
541 1275 574 1328 et
587 1262 812 1330 successoribus
833 1261 947 1328 nostris
969 1261 1079 1328 damus
1098 1274 1131 1328 et
1147 1261 1347 1328 concedimus
1369 1261 1488 1350 prefato
1509 1262 1666 1351 preposito

276 1367 365 1434 sociis
379 1380 413 1433 et
425 1367 594 1434 scolaribus
608 1381 641 1434 et
657 1392 766 1434 eorum
789 1367 1015 1434 successoribus
1034 1367 1119 1454 quod
1134 1367 1193 1455 ipsi
1207 1366 1382 1455 prepositus
1401 1367 1476 1432 socii
1491 1381 1523 1434 et
1537 1368 1666 1434 scolares

277 1485 308 1537 et
321 1495 509 1539 successores
523 1472 571 1538 sui
586 1497 622 1539 ac
644 1495 751 1538 omnes
772 1472 806 1538 iu
828 1472 939 1538 eodem
959 1470 1093 1559 collegio
1110 1470 1270 1537 studentes
1285 1495 1411 1558 operam
1425 1471 1536 1538 litteris
1558 1473 1666 1538 dantes

277 1576 471 1643 solummodo
486 1577 548 1644 sint
562 1579 601 1645 de
620 1593 760 1666 tempore
779 1579 814 1644 in
835 1593 958 1666 tempus
975 1578 1049 1644 totis
1071 1578 1184 1644 futuris
1205 1579 1397 1666 temporibus
1413 1579 1452 1645 ab
1467 1603 1559 1645 omne
1574 1603 1666 1645 onere

276 1683 358 1749 taxis
378 1683 512 1774 tsllsgiis
535 1685 627 1752 cessis
646 1685 792 1751 subsidiis
817 1684 1036 1752 erectionibus
1059 1684 1340 1773 compositionibus
1362 1698 1395 1751 et
1413 1685 1667 1773 imposicionibus

276 1792 525 1880 quibuscumque
535 1793 617 1859 dicte
626 1793 762 1860 civitatis
772 1792 864 1860 liberi
875 1807 907 1860 et
921 1792 1093 1860 exonerari.
1120 1793 1250 1859 Proviso
1265 1817 1386 1881 semper
1397 1792 1482 1878 quod
1496 1791 1555 1858 hec
1563 1807 1668 1858 nostra

276 1897 432 1963 concessio
455 1921 519 1963 non
542 1921 574 1964 se
591 1898 742 1964 extendet
765 1897 941 1986 aliqualiter
960 1897 1000 1964 sd
1019 1895 1250 1963 exonerandam
1274 1911 1329 1962 aut
1351 1897 1588 1983 acquietandsm
1610 1897 1666 1963 ali-

276 2027 371 2089 quem
400 2028 562 2092 personam
591 2005 657 2071 sive
686 2029 831 2094 personas
859 2029 952 2093 super
980 2004 1085 2091 aliquo
1113 2003 1332 2091 premissorum
1362 2017 1572 2070 comorantem
1602 2003 1667 2070 sive

277 2119 502 2173 commorantes
521 2106 560 2174 de
574 2107 722 2196 predictis
745 2108 891 2174 oneribus
911 2107 994 2173 taxis
1017 2107 1152 2195 tollagiis
1171 2106 1262 2173 cessis
1284 2107 1428 2174 subsidiis
1450 2109 1667 2175 exactionibus

278 2226 332 2280 aut
354 2213 538 2279 demaundis
563 2213 812 2300 quibuscumque
835 2226 940 2302 preter
963 2210 1156 2299 prepositum
1179 2209 1277 2276 socios
1300 2211 1430 2277 scolares
1454 2226 1487 2277 et
1509 2213 1667 2278 studentes

277 2343 403 2407 operam
420 2318 532 2386 litteris
556 2319 664 2386 dantes
687 2331 846 2386 eteorum
865 2340 1052 2384 successores
1075 2315 1316 2404 imperpetuum.
1361 2316 1406 2381 Et
1427 2340 1483 2382 nos
1498 2343 1572 2384 vero
1596 2343 1667 2407 pre·

278 2425 354 2492 dicti
374 2425 474 2512 major
490 2425 689 2491 vicecomites
702 2424 877 2491 comunitas
891 2435 924 2488 et
937 2423 1022 2488 cives
1044 2434 1077 2488 et
1098 2444 1286 2488 successores
1301 2421 1349 2487 sui
1370 2422 1475 2488 omnia
1493 2438 1526 2489 et
1544 2424 1667 2513 singula

277 2532 426 2620 premissa
438 2531 579 2620 superius
587 2556 644 2620 per
654 2555 709 2598 nos
719 2555 863 2600 concessa
876 2530 996 2619 prefato
1010 2529 1167 2619 preposito
1178 2542 1211 2596 et
1221 2529 1311 2596 sociis
1322 2543 1354 2595 et
1364 2529 1532 2596 scolaribus
1549 2543 1582 2595 et
1598 2554 1667 2597 suc-

278 2640 448 2705 cessoribus
462 2641 525 2706 suis
534 2653 641 2706 contra
655 2663 712 2706 nos
720 2652 753 2708 et
761 2663 949 2707 successores
964 2654 1084 2705 nostros
1095 2638 1379 2705 warrantizabimus
1390 2653 1422 2704 et
1435 2637 1667 2726 imperpetuum

277 2768 333 2832 per
346 2759 502 2830 presentes
517 2746 727 2814 defendemus.
764 2748 809 2814 Et
816 2747 946 2814 ulterius
955 2747 1058 2814 sciatis
1072 2771 1127 2813 nos
1142 2747 1296 2836 prefatum
1311 2747 1460 2832 majorem
1469 2745 1667 2813 vicecomites

277 2853 501 2920 comunitatem
523 2866 556 2921 et
580 2855 664 2922 cives
687 2856 770 2922 dicte
791 2855 928 2924 civitatis
951 2855 1074 2922 Dublin
1098 2853 1206 2922 fecisse
1232 2854 1389 2920 ordinasse
1412 2866 1445 2920 et
1466 2853 1536 2919 loco
1561 2865 1666 2918 nostro

277 2958 417 3046 posuisse
426 2959 576 3026 dilectum
589 2961 679 3028 nobis
693 2961 728 3027 in
738 2961 863 3029 Christo
873 2961 1046 3051 Georgium
1059 2961 1177 3050 Taylor
1188 2961 1414 3028 recordatorem
1429 2961 1571 3048 ejusdem
1587 2960 1664 3027 civi-

276 3064 349 3129 tatis
363 3077 504 3131 nostrum
518 3091 628 3134 verum
647 3080 680 3135 et
697 3067 875 3156 legitimum
894 3079 1084 3134 attomatum
1103 3067 1143 3134 ad
1161 3067 1342 3134 intrandum
1361 3091 1417 3156 pro
1439 3066 1530 3134 nobis
1543 3066 1613 3132 vice
1635 3081 1667 3132 et

276 3167 456 3234 nominibus
470 3170 581 3236 nostris
595 3185 627 3238 et
640 3171 861 3259 possessionem
876 3183 909 3238 et
923 3170 1065 3238 seisiuam
1077 3171 1260 3260 capiendam
1270 3171 1309 3238 de
1324 3184 1357 3238 et
1369 3171 1404 3237 in
1418 3172 1558 3260 predicta
1573 3170 1666 3237 domo

274 3273 373 3338 fundo
388 3273 466 3340 scito
480 3274 601 3341 ambitu
610 3289 642 3340 et
655 3275 814 3364 precincto
824 3299 859 3341 ao
874 3273 983 3342 ceteris
997 3274 1154 3364 premissis
1168 3275 1310 3364 superius
1324 3276 1485 3343 concessis.
1530 3277 1575 3342 Et
1595 3290 1667 3364 post

277 3381 456 3448 huiusmodi
471 3383 678 3472 possesionem
692 3397 725 3451 et
743 3383 886 3451 saisinam
903 3384 947 3451 sic
958 3383 1032 3450 inde
1047 3399 1169 3473 captam
1183 3399 1216 3451 et
1228 3385 1368 3452 habitam
1382 3409 1439 3473 pro
1451 3385 1540 3452 nobis
1551 3401 1584 3453 et
1596 3410 1664 3452 suc-

276 3489 446 3555 cessoribus
460 3488 572 3556 nostris
582 3490 707 3577 plenam
721 3502 753 3556 et
763 3490 924 3578 pacificam
936 3490 1157 3579 possessionem
1166 3505 1198 3558 et
1208 3491 1352 3558 seisinam
1361 3491 1444 3558 dicte
1455 3492 1565 3557 domus
1573 3491 1666 3558 fundi

276 3594 345 3661 sciti
356 3594 491 3662 ambitus
500 3608 533 3661 et
542 3595 693 3684 precincti
702 3620 738 3663 ao
747 3595 887 3662 omnium
899 3609 931 3663 et
945 3596 1139 3686 singulorum
1150 3597 1369 3686 premissorum
1383 3597 1524 3685 superius
1538 3623 1663 3666 conces·

276 3725 380 3767 sorum
399 3701 518 3789 prefato
537 3702 695 3791 preposito
709 3702 799 3770 sociis
818 3716 850 3769 et
864 3702 1033 3770 scolaribus
1047 3716 1079 3770 et
1093 3727 1200 3770 eorum
1214 3703 1249 3769 in
1269 3703 1329 3770 hac
1342 3716 1431 3793 parte
1445 3717 1599 3771 attornato
1614 3705 1666 3772 vel

277 3807 438 3872 attornctis
452 3806 688 3874 deliberandum
702 3807 874 3875 secundum
891 3809 958 3874 vim
971 3808 1103 3876 formam
1118 3823 1151 3877 et
1164 3809 1312 3877 effectum
1326 3809 1403 3878 dicti
1417 3809 1608 3878 feoffamenti
1620 3811 1665 3878 eis

277 3912 351 3978 inde
373 3912 506 3979 confecti
528 3927 630 3980 ratum
649 3926 681 3980 et
701 3928 826 4002 gratum
846 3914 997 3981 hebentes
1016 3928 1049 3982 et
1066 3915 1206 3982 habituri
1224 3929 1327 3982 totum
1348 3929 1381 3983 et
1394 3916 1547 4003 quioquid
1562 3918 1664 3984 dictus

278 4029 448 4083 attornutus
462 4028 567 4083 noster
579 4015 688 4084 fecerit
701 4017 734 4083 in
750 4017 913 4106 premissis.
950 4019 990 4084 In
1004 4019 1093 4106 cujus
1106 4019 1152 4087 rei
1166 4021 1379 4088 testimouium
1397 4046 1454 4088 nos
1468 4023 1579 4111 prefati
1594 4049 1663 4112 pre·

277 4125 396 4212 positus
409 4124 485 4191 socii
499 4138 533 4192 et
542 4124 672 4192 scolares
682 4125 757 4192 huic
768 4138 854 4214 perte
869 4125 963 4211 hujus
977 4127 1084 4193 charte
1094 4126 1254 4194 indentate
1268 4151 1363 4216 penes
1379 4129 1554 4218 predictum
1566 4129 1662 4214 majo·

277 4253 344 4296 rem
359 4229 557 4298 vicecomites
580 4230 804 4298 comunitatem
824 4243 857 4298 et
878 4231 962 4298 cives
984 4233 1157 4299 remanenti
1178 4233 1316 4322 sigillum
1337 4247 1476 4301 nostrum
1498 4258 1663 4301 commune

278 4332 477 4422 apposuimus
491 4335 580 4402 alteri
594 4358 669 4401 vero
683 4345 771 4424 perte
787 4333 928 4420 ejusdem
939 4334 1046 4401 oberte
1062 4335 1223 4403 indentate
1236 4361 1332 4426 penes
1349 4363 1406 4404 nos
1424 4338 1578 4428 prefatum
1592 4363 1662 4428 pre·

276 4440 413 4530 positum
436 4438 533 4506 socios
558 4453 591 4506 et
614 4439 746 4508 molares
767 4437 940 4506 remanenti
964 4437 1121 4527 predictus
1141 4440 1241 4526 major
1254 4441 1416 4510 viconrites
1437 4441 1610 4510 comuniter
1630 4458 1664 4510 et

1579 4574 1663 4617 cives
