<?xml version="1.0" encoding="UTF-8"?>
<!DOCTYPE html PUBLIC "-//W3C//DTD XHTML 1.0 Transitional//EN"
    "http://www.w3.org/TR/xhtml1/DTD/xhtml1-transitional.dtd">
<html xmlns="http://www.w3.org/1999/xhtml" xml:lang="en" lang="en">
 <head>
  <title>
</title>
<meta http-equiv="Content-Type" content="text/html;charset=utf-8" />
  <meta name='ocr-system' content='tesseract 3.04.00' />
  <meta name='ocr-capabilities' content='ocr_page ocr_carea ocr_par ocr_line ocrx_word'/>
</head>
<body>
  <div class='ocr_page' id='page_1' title='image "./registrumpriora00librgoog_0096.png"; bbox 0 0 4284 5412; ppageno 0'>
   <div class='ocr_carea' id='block_1_1' title="bbox 954 657 995 730">
    <p class='ocr_par' dir='ltr' id='par_1_1' title="bbox 954 657 995 730">
     <span class='ocr_line' id='line_1_1' title="bbox 954 657 995 730; baseline 0 0"><span class='ocrx_word' id='word_1_1' title='bbox 954 657 995 730; x_wconf 82' lang='lat'><strong>¹³</strong></span> 
     </span>
    </p>
   </div>
   <div class='ocr_carea' id='block_1_2' title="bbox 279 811 1664 1326">
    <p class='ocr_par' dir='ltr' id='par_1_2' title="bbox 279 811 1664 1326">
     <span class='ocr_line' id='line_1_2' title="bbox 279 811 1663 904; baseline -0.001 -24"><span class='ocrx_word' id='word_1_2' title='bbox 279 817 432 884; x_wconf 86' lang='lat' dir='ltr'><strong>dilacione</strong></span> <span class='ocrx_word' id='word_1_3' title='bbox 439 817 598 904; x_wconf 87' lang='lat' dir='ltr'><strong>justiciam</strong></span> <span class='ocrx_word' id='word_1_4' title='bbox 614 815 731 882; x_wconf 77' lang='lat' dir='ltr'><strong>faciatis</strong></span> <span class='ocrx_word' id='word_1_5' title='bbox 745 829 777 882; x_wconf 90' lang='lat' dir='ltr'><strong>et</strong></span> <span class='ocrx_word' id='word_1_6' title='bbox 790 815 975 904; x_wconf 89' lang='lat' dir='ltr'><strong>permittatis</strong></span> <span class='ocrx_word' id='word_1_7' title='bbox 989 813 1159 903; x_wconf 88' lang='lat' dir='ltr'><strong>predictam</strong></span> <span class='ocrx_word' id='word_1_8' title='bbox 1175 811 1334 879; x_wconf 85' lang='lat' dir='ltr'><strong>ecclesiam</strong></span> <span class='ocrx_word' id='word_1_9' title='bbox 1345 811 1459 878; x_wconf 87' lang='lat' dir='ltr'><strong>habere</strong></span> <span class='ocrx_word' id='word_1_10' title='bbox 1474 835 1580 878; x_wconf 91' lang='lat' dir='ltr'><strong>omnes</strong></span> <span class='ocrx_word' id='word_1_11' title='bbox 1593 835 1663 900; x_wconf 91' lang='lat' dir='ltr'><strong>pre·</strong></span> 
     </span>
     <span class='ocr_line' id='line_1_3' title="bbox 279 919 1663 1010; baseline -0.001 -23"><span class='ocrx_word' id='word_1_12' title='bbox 279 923 376 988; x_wconf 83' lang='lat' dir='ltr'><strong>dietas</strong></span> <span class='ocrx_word' id='word_1_13' title='bbox 391 936 485 989; x_wconf 87' lang='lat' dir='ltr'><strong>terras</strong></span> <span class='ocrx_word' id='word_1_14' title='bbox 499 935 532 988; x_wconf 89' lang='lat' dir='ltr'><strong>et</strong></span> <span class='ocrx_word' id='word_1_15' title='bbox 545 921 749 1010; x_wconf 88' lang='lat' dir='ltr'><strong>possessiones</strong></span> <span class='ocrx_word' id='word_1_16' title='bbox 763 934 795 986; x_wconf 91' lang='lat' dir='ltr'><strong>et</strong></span> <span class='ocrx_word' id='word_1_17' title='bbox 809 944 915 986; x_wconf 87' lang='lat' dir='ltr'><strong>omnes</strong></span> <span class='ocrx_word' id='word_1_18' title='bbox 929 920 1041 986; x_wconf 84' lang='lat' dir='ltr'><strong>liberas</strong></span> <span class='ocrx_word' id='word_1_19' title='bbox 1060 933 1092 985; x_wconf 95' lang='lat' dir='ltr'><strong>et</strong></span> <span class='ocrx_word' id='word_1_20' title='bbox 1106 919 1249 1006; x_wconf 88' lang='lat' dir='ltr'><strong>antiquas</strong></span> <span class='ocrx_word' id='word_1_21' title='bbox 1268 919 1505 986; x_wconf 90' lang='lat' dir='ltr'><strong>consuetudines</strong></span> <span class='ocrx_word' id='word_1_22' title='bbox 1524 933 1556 985; x_wconf 90' lang='lat' dir='ltr'><strong>et</strong></span> <span class='ocrx_word' id='word_1_23' title='bbox 1569 919 1663 985; x_wconf 89' lang='lat' dir='ltr'><strong>liber-</strong></span> 
     </span>
     <span class='ocr_line' id='line_1_4' title="bbox 280 1024 1663 1115; baseline -0.002 -20"><span class='ocrx_word' id='word_1_24' title='bbox 280 1041 355 1095; x_wconf 87' lang='lat' dir='ltr'><strong>tates</strong></span> <span class='ocrx_word' id='word_1_25' title='bbox 366 1053 436 1095; x_wconf 89' lang='lat' dir='ltr'><strong>suas</strong></span> <span class='ocrx_word' id='word_1_26' title='bbox 452 1067 459 1081; x_wconf 91' lang='lat'><strong>·</strong></span> <span class='ocrx_word' id='word_1_27' title='bbox 475 1028 555 1094; x_wconf 88' lang='lat' dir='ltr'><strong>sicut</strong></span> <span class='ocrx_word' id='word_1_28' title='bbox 566 1027 676 1094; x_wconf 86' lang='lat' dir='ltr'><strong>melius</strong></span> <span class='ocrx_word' id='word_1_29' title='bbox 690 1041 723 1092; x_wconf 91' lang='lat' dir='ltr'><strong>et</strong></span> <span class='ocrx_word' id='word_1_30' title='bbox 733 1026 855 1115; x_wconf 84' lang='lat' dir='ltr'>plenius</span> <span class='ocrx_word' id='word_1_31' title='bbox 869 1027 1002 1093; x_wconf 90' lang='lat' dir='ltr'><strong>Dermot</strong></span> <span class='ocrx_word' id='word_1_32' title='bbox 1016 1026 1089 1092; x_wconf 86' lang='lat' dir='ltr'><strong>Rex</strong></span> <span class='ocrx_word' id='word_1_33' title='bbox 1101 1025 1238 1114; x_wconf 85' lang='lat' dir='ltr'><strong>Legenie</strong></span> <span class='ocrx_word' id='word_1_34' title='bbox 1248 1024 1402 1113; x_wconf 84' lang='lat' dir='ltr'><strong>predictas</strong></span> <span class='ocrx_word' id='word_1_35' title='bbox 1416 1037 1510 1091; x_wconf 85' lang='lat' dir='ltr'><strong>terras</strong></span> <span class='ocrx_word' id='word_1_36' title='bbox 1524 1025 1663 1112; x_wconf 79' lang='lat' dir='ltr'><strong>predicte</strong></span> 
     </span>
     <span class='ocr_line' id='line_1_5' title="bbox 279 1132 1664 1206; baseline -0.006 -2"><span class='ocrx_word' id='word_1_37' title='bbox 279 1136 405 1204; x_wconf 80' lang='lat' dir='ltr'><strong>ecclesie</strong></span> <span class='ocrx_word' id='word_1_38' title='bbox 420 1151 492 1204; x_wconf 88' lang='lat' dir='ltr'><strong>ante</strong></span> <span class='ocrx_word' id='word_1_39' title='bbox 501 1137 674 1206; x_wconf 84' lang='lat' dir='ltr'><strong>adventum</strong></span> <span class='ocrx_word' id='word_1_40' title='bbox 688 1159 793 1201; x_wconf 91' lang='lat' dir='ltr'><strong>meum</strong></span> <span class='ocrx_word' id='word_1_41' title='bbox 808 1135 842 1200; x_wconf 92' lang='lat' dir='ltr'><strong>in</strong></span> <span class='ocrx_word' id='word_1_42' title='bbox 857 1135 1043 1202; x_wconf 81' lang='lat' dir='ltr'><strong>Hiberniam</strong></span> <span class='ocrx_word' id='word_1_43' title='bbox 1059 1133 1188 1200; x_wconf 86' lang='lat' dir='ltr'><strong>donavit</strong></span> <span class='ocrx_word' id='word_1_44' title='bbox 1202 1147 1234 1199; x_wconf 90' lang='lat' dir='ltr'><strong>et</strong></span> <span class='ocrx_word' id='word_1_45' title='bbox 1248 1133 1359 1198; x_wconf 82' lang='lat' dir='ltr'><strong>liberas</strong></span> <span class='ocrx_word' id='word_1_46' title='bbox 1377 1132 1617 1198; x_wconf 88' lang='lat' dir='ltr'><strong>consuetudines</strong></span> <span class='ocrx_word' id='word_1_47' title='bbox 1631 1145 1664 1197; x_wconf 88' lang='lat' dir='ltr'><strong>et</strong></span> 
     </span>
     <span class='ocr_line' id='line_1_6' title="bbox 279 1236 1662 1326; baseline -0.003 -20"><span class='ocrx_word' id='word_1_48' title='bbox 279 1241 434 1308; x_wconf 74' lang='lat' dir='ltr'><strong>libertates</strong></span> <span class='ocrx_word' id='word_1_49' title='bbox 455 1240 613 1308; x_wconf 82' lang='lat' dir='ltr'><strong>concessit.</strong></span> <span class='ocrx_word' id='word_1_50' title='bbox 658 1239 804 1305; x_wconf 90' lang='lat' dir='ltr'><strong>Testibus</strong></span> <span class='ocrx_word' id='word_1_51' title='bbox 821 1277 828 1292; x_wconf 94' lang='lat'><strong>·</strong></span> <span class='ocrx_word' id='word_1_52' title='bbox 844 1239 1018 1306; x_wconf 88' lang='lat' dir='ltr'><strong>Laurencio</strong></span> <span class='ocrx_word' id='word_1_53' title='bbox 1033 1239 1155 1305; x_wconf 87' lang='lat' dir='ltr'><strong>Dublin</strong></span> <span class='ocrx_word' id='word_1_54' title='bbox 1177 1237 1409 1326; x_wconf 78' lang='lat' dir='ltr'><strong>archiepiscopo</strong></span> <span class='ocrx_word' id='word_1_55' title='bbox 1425 1275 1432 1289; x_wconf 88' lang='lat'><strong>·</strong></span> <span class='ocrx_word' id='word_1_56' title='bbox 1448 1236 1559 1303; x_wconf 87' lang='lat' dir='ltr'><strong>Edano</strong></span> <span class='ocrx_word' id='word_1_57' title='bbox 1575 1237 1662 1326; x_wconf 84' lang='lat' dir='ltr'><strong>Lug:</strong></span> 
     </span>
    </p>
   </div>
   <div class='ocr_carea' id='block_1_3' title="bbox 279 1345 1791 1436">
    <p class='ocr_par' dir='ltr' id='par_1_3' title="bbox 279 1345 1791 1436">
     <span class='ocr_line' id='line_1_7' title="bbox 279 1345 1791 1436; baseline -0.001 -24"><span class='ocrx_word' id='word_1_58' title='bbox 279 1346 422 1435; x_wconf 89' lang='lat' dir='ltr'><strong>episcopo</strong></span> <span class='ocrx_word' id='word_1_59' title='bbox 434 1387 440 1399; x_wconf 89' lang='lat'><strong>·</strong></span> <span class='ocrx_word' id='word_1_60' title='bbox 451 1347 489 1414; x_wconf 87' lang='lat' dir='ltr'><strong>R.</strong></span> <span class='ocrx_word' id='word_1_61' title='bbox 495 1348 608 1414; x_wconf 90' lang='lat' dir='ltr'><strong>comite</strong></span> <span class='ocrx_word' id='word_1_62' title='bbox 620 1347 729 1412; x_wconf 89' lang='lat' dir='ltr'><strong>Destr:</strong></span> <span class='ocrx_word' id='word_1_63' title='bbox 743 1385 749 1400; x_wconf 92' lang='lat'><em>·</em></span> <span class='ocrx_word' id='word_1_64' title='bbox 760 1347 803 1412; x_wconf 88' lang='lat' dir='ltr'><strong>H.</strong></span> <span class='ocrx_word' id='word_1_65' title='bbox 816 1347 855 1414; x_wconf 87' lang='lat' dir='ltr'><strong>de</strong></span> <span class='ocrx_word' id='word_1_66' title='bbox 865 1347 966 1436; x_wconf 81' lang='lat' dir='ltr'><strong>Lascy</strong></span> <span class='ocrx_word' id='word_1_67' title='bbox 977 1387 983 1399; x_wconf 92' lang='lat'><strong>·</strong></span> <span class='ocrx_word' id='word_1_68' title='bbox 994 1348 1161 1436; x_wconf 87' lang='lat' dir='ltr'><strong>Radulpho</strong></span> <span class='ocrx_word' id='word_1_69' title='bbox 1173 1348 1212 1414; x_wconf 92' lang='lat' dir='ltr'><strong>de</strong></span> <span class='ocrx_word' id='word_1_70' title='bbox 1218 1348 1354 1414; x_wconf 88' lang='lat' dir='ltr'><strong>Wamer</strong></span> <span class='ocrx_word' id='word_1_71' title='bbox 1364 1385 1370 1398; x_wconf 93' lang='lat'>·</span> <span class='ocrx_word' id='word_1_72' title='bbox 1381 1346 1519 1412; x_wconf 89' lang='lat' dir='ltr'><strong>Roberto</strong></span> <span class='ocrx_word' id='word_1_73' title='bbox 1528 1345 1640 1411; x_wconf 91' lang='lat' dir='ltr'><strong>Poerio</strong></span> <span class='ocrx_word' id='word_1_74' title='bbox 1654 1384 1660 1396; x_wconf 91' lang='lat'><strong>·</strong></span> <span class='ocrx_word' id='word_1_75' title='bbox 1787 1357 1791 1368; x_wconf 93' lang='lat'>&#39;</span> 
     </span>
    </p>
   </div>
   <div class='ocr_carea' id='block_1_4' title="bbox 279 1450 1664 1957">
    <p class='ocr_par' dir='ltr' id='par_1_4' title="bbox 279 1450 1212 1541">
     <span class='ocr_line' id='line_1_8' title="bbox 279 1450 1212 1541; baseline 0.001 -25"><span class='ocrx_word' id='word_1_76' title='bbox 279 1450 438 1516; x_wconf 91' lang='lat' dir='ltr'><strong>Willelmo</strong></span> <span class='ocrx_word' id='word_1_77' title='bbox 453 1451 635 1518; x_wconf 79' lang='lat' dir='ltr'><strong>cancellario</strong></span> <span class='ocrx_word' id='word_1_78' title='bbox 650 1475 720 1516; x_wconf 92' lang='lat' dir='ltr'><strong>meo</strong></span> <span class='ocrx_word' id='word_1_79' title='bbox 734 1465 766 1516; x_wconf 90' lang='lat' dir='ltr'><strong>et</strong></span> <span class='ocrx_word' id='word_1_80' title='bbox 780 1451 886 1518; x_wconf 91' lang='lat' dir='ltr'><strong>multis</strong></span> <span class='ocrx_word' id='word_1_81' title='bbox 901 1451 968 1518; x_wconf 87' lang='lat' dir='ltr'><strong>eliis</strong></span> <span class='ocrx_word' id='word_1_82' title='bbox 983 1453 1067 1541; x_wconf 84' lang='lat' dir='ltr'><strong>apud</strong></span> <span class='ocrx_word' id='word_1_83' title='bbox 1081 1453 1212 1520; x_wconf 92' lang='lat' dir='ltr'><strong>Dublin.</strong></span> 
     </span>
    </p>

    <p class='ocr_par' dir='ltr' id='par_1_5' title="bbox 279 1555 1664 1957">
     <span class='ocr_line' id='line_1_9' title="bbox 341 1555 1663 1646; baseline 0 -24"><span class='ocrx_word' id='word_1_84' title='bbox 341 1556 407 1623; x_wconf 86' lang='lat' dir='ltr'><strong>Nos</strong></span> <span class='ocrx_word' id='word_1_85' title='bbox 435 1571 540 1623; x_wconf 89' lang='lat' dir='ltr'><strong>autem</strong></span> <span class='ocrx_word' id='word_1_86' title='bbox 565 1557 768 1624; x_wconf 75' lang='lat' dir='ltr'><strong>donacionem</strong></span> <span class='ocrx_word' id='word_1_87' title='bbox 797 1558 1025 1625; x_wconf 76' lang='lat' dir='ltr'><strong>concessionem</strong></span> <span class='ocrx_word' id='word_1_88' title='bbox 1049 1573 1082 1625; x_wconf 92' lang='lat' dir='ltr'><strong>et</strong></span> <span class='ocrx_word' id='word_1_89' title='bbox 1107 1559 1378 1626; x_wconf 88' lang='lat' dir='ltr'><strong>confirmacionem</strong></span> <span class='ocrx_word' id='word_1_90' title='bbox 1401 1555 1555 1646; x_wconf 88' lang='lat' dir='ltr'><strong>predictas</strong></span> <span class='ocrx_word' id='word_1_91' title='bbox 1583 1569 1663 1622; x_wconf 88' lang='lat' dir='ltr'><strong>ratas</strong></span> 
     </span>
     <span class='ocr_line' id='line_1_10' title="bbox 280 1659 1664 1750; baseline -0.002 -24"><span class='ocrx_word' id='word_1_92' title='bbox 280 1662 427 1729; x_wconf 89' lang='lat' dir='ltr'><strong>habentes</strong></span> <span class='ocrx_word' id='word_1_93' title='bbox 441 1679 474 1728; x_wconf 89' lang='lat' dir='ltr'><strong>et</strong></span> <span class='ocrx_word' id='word_1_94' title='bbox 487 1675 588 1750; x_wconf 83' lang='lat' dir='ltr'><strong>gratas</strong></span> <span class='ocrx_word' id='word_1_95' title='bbox 601 1699 607 1711; x_wconf 91' lang='lat'><strong>·</strong></span> <span class='ocrx_word' id='word_1_96' title='bbox 619 1683 670 1726; x_wconf 88' lang='lat' dir='ltr'><strong>eas</strong></span> <span class='ocrx_word' id='word_1_97' title='bbox 684 1683 741 1746; x_wconf 92' lang='lat' dir='ltr'><strong>pro</strong></span> <span class='ocrx_word' id='word_1_98' title='bbox 755 1659 845 1725; x_wconf 91' lang='lat' dir='ltr'><strong>nobis</strong></span> <span class='ocrx_word' id='word_1_99' title='bbox 860 1673 892 1726; x_wconf 90' lang='lat' dir='ltr'><strong>et</strong></span> <span class='ocrx_word' id='word_1_100' title='bbox 905 1660 1072 1727; x_wconf 85' lang='lat' dir='ltr'><strong>heredibus</strong></span> <span class='ocrx_word' id='word_1_101' title='bbox 1085 1661 1197 1726; x_wconf 90' lang='lat' dir='ltr'><strong>nostris</strong></span> <span class='ocrx_word' id='word_1_102' title='bbox 1212 1659 1412 1747; x_wconf 87' lang='lat' dir='ltr'><strong>quantumin</strong></span> <span class='ocrx_word' id='word_1_103' title='bbox 1426 1659 1516 1725; x_wconf 90' lang='lat' dir='ltr'><strong>nobis</strong></span> <span class='ocrx_word' id='word_1_104' title='bbox 1530 1672 1577 1724; x_wconf 90' lang='lat' dir='ltr'><strong>est</strong></span> <span class='ocrx_word' id='word_1_105' title='bbox 1590 1681 1664 1724; x_wconf 88' lang='lat' dir='ltr'><strong>con·</strong></span> 
     </span>
     <span class='ocr_line' id='line_1_11' title="bbox 279 1761 1662 1852; baseline -0.003 -18"><span class='ocrx_word' id='word_1_106' title='bbox 279 1769 416 1834; x_wconf 90' lang='lat' dir='ltr'><strong>cedimus</strong></span> <span class='ocrx_word' id='word_1_107' title='bbox 430 1781 461 1834; x_wconf 90' lang='lat' dir='ltr'><strong>et</strong></span> <span class='ocrx_word' id='word_1_108' title='bbox 476 1766 693 1834; x_wconf 86' lang='lat' dir='ltr'><strong>confirmamus</strong></span> <span class='ocrx_word' id='word_1_109' title='bbox 709 1802 716 1816; x_wconf 90' lang='lat'><strong>·</strong></span> <span class='ocrx_word' id='word_1_110' title='bbox 732 1776 825 1851; x_wconf 90' lang='lat' dir='ltr'><strong>prout</strong></span> <span class='ocrx_word' id='word_1_111' title='bbox 838 1777 923 1830; x_wconf 86' lang='lat' dir='ltr'><strong>carta</strong></span> <span class='ocrx_word' id='word_1_112' title='bbox 936 1764 1077 1852; x_wconf 85' lang='lat' dir='ltr'><strong>predicta</strong></span> <span class='ocrx_word' id='word_1_113' title='bbox 1090 1763 1318 1830; x_wconf 75' lang='lat' dir='ltr'><strong>racionabiliter</strong></span> <span class='ocrx_word' id='word_1_114' title='bbox 1332 1776 1470 1830; x_wconf 86' lang='lat' dir='ltr'><strong>testatur.</strong></span> <span class='ocrx_word' id='word_1_115' title='bbox 1515 1761 1588 1828; x_wconf 93' lang='lat' dir='ltr'><strong>Hiis</strong></span> <span class='ocrx_word' id='word_1_116' title='bbox 1602 1777 1662 1830; x_wconf 86' lang='lat' dir='ltr'><strong>tes-</strong></span> 
     </span>
     <span class='ocr_line' id='line_1_12' title="bbox 279 1869 1661 1957; baseline -0.002 -19"><span class='ocrx_word' id='word_1_117' title='bbox 279 1874 359 1940; x_wconf 81' lang='lat' dir='ltr'><strong>tibus</strong></span> <span class='ocrx_word' id='word_1_118' title='bbox 376 1871 634 1940; x_wconf 85' lang='lat' dir='ltr'><strong>·Venerabilibus</strong></span> <span class='ocrx_word' id='word_1_119' title='bbox 648 1869 788 1957; x_wconf 87' lang='lat' dir='ltr'><strong>patribus</strong></span> <span class='ocrx_word' id='word_1_120' title='bbox 804 1869 842 1935; x_wconf 88' lang='lat' dir='ltr'><strong>R.</strong></span> <span class='ocrx_word' id='word_1_121' title='bbox 852 1870 993 1936; x_wconf 87' lang='lat' dir='ltr'><strong>Bethon:</strong></span> <span class='ocrx_word' id='word_1_122' title='bbox 1008 1883 1040 1936; x_wconf 91' lang='lat' dir='ltr'><strong>et</strong></span> <span class='ocrx_word' id='word_1_123' title='bbox 1048 1870 1191 1936; x_wconf 87' lang='lat' dir='ltr'><strong>Wellen:</strong></span> <span class='ocrx_word' id='word_1_124' title='bbox 1212 1908 1218 1921; x_wconf 94' lang='lat'>·</span> <span class='ocrx_word' id='word_1_125' title='bbox 1231 1871 1275 1935; x_wconf 89' lang='lat' dir='ltr'><strong>A.</strong></span> <span class='ocrx_word' id='word_1_126' title='bbox 1288 1869 1444 1934; x_wconf 81' lang='lat' dir='ltr'><strong>Dunolm:</strong></span> <span class='ocrx_word' id='word_1_127' title='bbox 1463 1883 1495 1936; x_wconf 90' lang='lat' dir='ltr'><strong>et</strong></span> <span class='ocrx_word' id='word_1_128' title='bbox 1510 1869 1541 1935; x_wconf 85' lang='lat' dir='ltr'><strong>J.</strong></span> <span class='ocrx_word' id='word_1_129' title='bbox 1552 1869 1661 1936; x_wconf 84' lang='lat' dir='ltr'><strong>lllien:</strong></span> 
     </span>
    </p>
   </div>
   <div class='ocr_carea' id='block_1_5' title="bbox 280 1969 1805 2066">
    <p class='ocr_par' dir='ltr' id='par_1_6' title="bbox 280 1969 1805 2066">
     <span class='ocr_line' id='line_1_13' title="bbox 280 1969 1805 2066; baseline 0 -23"><span class='ocrx_word' id='word_1_130' title='bbox 280 1977 430 2066; x_wconf 89' lang='lat' dir='ltr'><strong>episcopis</strong></span> <span class='ocrx_word' id='word_1_131' title='bbox 446 2015 453 2028; x_wconf 92' lang='lat'><strong>·</strong></span> <span class='ocrx_word' id='word_1_132' title='bbox 468 1975 630 2042; x_wconf 89' lang='lat' dir='ltr'><strong>Willelmo</strong></span> <span class='ocrx_word' id='word_1_133' title='bbox 651 1974 690 2039; x_wconf 96' lang='lat' dir='ltr'><strong>de</strong></span> <span class='ocrx_word' id='word_1_134' title='bbox 710 1973 864 2040; x_wconf 86' lang='lat' dir='ltr'><strong>Velencia</strong></span> <span class='ocrx_word' id='word_1_135' title='bbox 888 1975 1043 2040; x_wconf 88' lang='lat' dir='ltr'><strong>avunculo</strong></span> <span class='ocrx_word' id='word_1_136' title='bbox 1066 1989 1171 2040; x_wconf 90' lang='lat' dir='ltr'><strong>nostro</strong></span> <span class='ocrx_word' id='word_1_137' title='bbox 1188 2015 1194 2028; x_wconf 93' lang='lat'>·</span> <span class='ocrx_word' id='word_1_138' title='bbox 1211 1976 1350 2042; x_wconf 89' lang='lat' dir='ltr'><strong>Henrico</strong></span> <span class='ocrx_word' id='word_1_139' title='bbox 1369 1976 1409 2042; x_wconf 92' lang='lat' dir='ltr'><strong>de</strong></span> <span class='ocrx_word' id='word_1_140' title='bbox 1429 1975 1530 2064; x_wconf 86' lang='lat' dir='ltr'><strong>Lascy</strong></span> <span class='ocrx_word' id='word_1_141' title='bbox 1549 1978 1663 2044; x_wconf 83' lang='lat' dir='ltr'><strong>comite</strong></span> <span class='ocrx_word' id='word_1_142' title='bbox 1801 1969 1805 1978; x_wconf 46' lang='lat'><strong><em>⁴</em></strong></span> 
     </span>
    </p>
   </div>
   <div class='ocr_carea' id='block_1_6' title="bbox 280 2077 1664 3230">
    <p class='ocr_par' dir='ltr' id='par_1_7' title="bbox 281 2077 1664 2360">
     <span class='ocr_line' id='line_1_14' title="bbox 283 2077 1664 2172; baseline 0 -24"><span class='ocrx_word' id='word_1_143' title='bbox 283 2081 430 2150; x_wconf 83' lang='lat' dir='ltr'><strong>Lincoln:</strong></span> <span class='ocrx_word' id='word_1_144' title='bbox 447 2119 453 2132; x_wconf 94' lang='lat'>·</span> <span class='ocrx_word' id='word_1_145' title='bbox 470 2081 607 2146; x_wconf 88' lang='lat' dir='ltr'><strong>Roberto</strong></span> <span class='ocrx_word' id='word_1_146' title='bbox 618 2078 657 2144; x_wconf 93' lang='lat' dir='ltr'><strong>de</strong></span> <span class='ocrx_word' id='word_1_147' title='bbox 669 2077 802 2144; x_wconf 83' lang='lat' dir='ltr'><strong>Tibotot</strong></span> <span class='ocrx_word' id='word_1_148' title='bbox 814 2117 821 2129; x_wconf 94' lang='lat'><strong>·</strong></span> <span class='ocrx_word' id='word_1_149' title='bbox 833 2078 979 2144; x_wconf 79' lang='lat' dir='ltr'><strong>·lohauue</strong></span> <span class='ocrx_word' id='word_1_150' title='bbox 993 2077 1032 2144; x_wconf 91' lang='lat' dir='ltr'><strong>de</strong></span> <span class='ocrx_word' id='word_1_151' title='bbox 1046 2093 1152 2145; x_wconf 90' lang='lat' dir='ltr'><strong>sancto</strong></span> <span class='ocrx_word' id='word_1_152' title='bbox 1162 2079 1307 2145; x_wconf 78' lang='lat' dir='ltr'><strong>·lohanne</strong></span> <span class='ocrx_word' id='word_1_153' title='bbox 1322 2094 1355 2145; x_wconf 92' lang='lat' dir='ltr'><strong>et</strong></span> <span class='ocrx_word' id='word_1_154' title='bbox 1369 2079 1445 2146; x_wconf 82' lang='lat' dir='ltr'><strong>aliis.</strong></span> <span class='ocrx_word' id='word_1_155' title='bbox 1475 2082 1593 2147; x_wconf 90' lang='lat' dir='ltr'><strong>Datum</strong></span> <span class='ocrx_word' id='word_1_156' title='bbox 1608 2107 1664 2172; x_wconf 89' lang='lat' dir='ltr'><strong>per</strong></span> 
     </span>
     <span class='ocr_line' id='line_1_15' title="bbox 281 2185 1663 2277; baseline 0.002 -25"><span class='ocrx_word' id='word_1_157' title='bbox 281 2211 404 2254; x_wconf 84' lang='lat' dir='ltr'><strong>manum</strong></span> <span class='ocrx_word' id='word_1_158' title='bbox 419 2200 553 2252; x_wconf 86' lang='lat' dir='ltr'><strong>nostram</strong></span> <span class='ocrx_word' id='word_1_159' title='bbox 568 2185 652 2272; x_wconf 87' lang='lat' dir='ltr'><strong>epud</strong></span> <span class='ocrx_word' id='word_1_160' title='bbox 666 2185 977 2252; x_wconf 79' lang='lat' dir='ltr'><strong>westmonasterium</strong></span> <span class='ocrx_word' id='word_1_161' title='bbox 993 2185 1226 2273; x_wconf 90' lang='lat' dir='ltr'><strong>quartodecimo</strong></span> <span class='ocrx_word' id='word_1_162' title='bbox 1237 2185 1288 2252; x_wconf 90' lang='lat' dir='ltr'><strong>die</strong></span> <span class='ocrx_word' id='word_1_163' title='bbox 1300 2186 1463 2253; x_wconf 78' lang='lat' dir='ltr'><strong>Februarii</strong></span> <span class='ocrx_word' id='word_1_164' title='bbox 1477 2211 1559 2254; x_wconf 91' lang='lat' dir='ltr'><strong>anno</strong></span> <span class='ocrx_word' id='word_1_165' title='bbox 1574 2190 1663 2277; x_wconf 87' lang='lat' dir='ltr'><strong>regni</strong></span> 
     </span>
     <span class='ocr_line' id='line_1_16' title="bbox 281 2292 643 2360; baseline 0 -2"><span class='ocrx_word' id='word_1_166' title='bbox 281 2293 373 2360; x_wconf 84' lang='lat' dir='ltr'><strong>nostri</strong></span> <span class='ocrx_word' id='word_1_167' title='bbox 389 2292 510 2359; x_wconf 90' lang='lat' dir='ltr'><strong>decimo</strong></span> <span class='ocrx_word' id='word_1_168' title='bbox 524 2305 643 2358; x_wconf 85' lang='lat' dir='ltr'><strong>octavo.</strong></span> 
     </span>
    </p>

    <p class='ocr_par' dir='ltr' id='par_1_8' title="bbox 280 2399 1664 3230">
     <span class='ocr_line' id='line_1_17' title="bbox 338 2399 1663 2490; baseline 0.002 -24"><span class='ocrx_word' id='word_1_169' title='bbox 338 2399 371 2466; x_wconf 87' lang='lat' dir='ltr'>N</span> <span class='ocrx_word' id='word_1_170' title='bbox 372 2423 405 2466; x_wconf 84' lang='lat' dir='ltr'><strong>os</strong></span> <span class='ocrx_word' id='word_1_171' title='bbox 416 2413 520 2467; x_wconf 85' lang='lat' dir='ltr'><strong>sutem</strong></span> <span class='ocrx_word' id='word_1_172' title='bbox 529 2400 715 2468; x_wconf 87' lang='lat' dir='ltr'><strong>donaciones</strong></span> <span class='ocrx_word' id='word_1_173' title='bbox 729 2400 940 2468; x_wconf 87' lang='lat' dir='ltr'><strong>concessiones</strong></span> <span class='ocrx_word' id='word_1_174' title='bbox 951 2415 984 2467; x_wconf 88' lang='lat' dir='ltr'><strong>et</strong></span> <span class='ocrx_word' id='word_1_175' title='bbox 993 2401 1248 2469; x_wconf 88' lang='lat' dir='ltr'><strong>confirmaciones</strong></span> <span class='ocrx_word' id='word_1_176' title='bbox 1257 2402 1412 2490; x_wconf 91' lang='lat' dir='ltr'><strong>predictas</strong></span> <span class='ocrx_word' id='word_1_177' title='bbox 1422 2415 1502 2468; x_wconf 86' lang='lat' dir='ltr'><strong>ratas</strong></span> <span class='ocrx_word' id='word_1_178' title='bbox 1513 2401 1663 2468; x_wconf 87' lang='lat' dir='ltr'><strong>habentes</strong></span> 
     </span>
     <span class='ocr_line' id='line_1_18' title="bbox 280 2505 1664 2597; baseline -0.001 -23"><span class='ocrx_word' id='word_1_179' title='bbox 280 2523 309 2574; x_wconf 88' lang='lat' dir='ltr'><strong>et</strong></span> <span class='ocrx_word' id='word_1_180' title='bbox 322 2523 425 2597; x_wconf 82' lang='lat' dir='ltr'><strong>gratas</strong></span> <span class='ocrx_word' id='word_1_181' title='bbox 441 2546 447 2559; x_wconf 94' lang='lat'><em>·</em></span> <span class='ocrx_word' id='word_1_182' title='bbox 463 2530 514 2572; x_wconf 83' lang='lat' dir='ltr'><strong>eas</strong></span> <span class='ocrx_word' id='word_1_183' title='bbox 528 2529 585 2594; x_wconf 91' lang='lat' dir='ltr'><strong>pro</strong></span> <span class='ocrx_word' id='word_1_184' title='bbox 599 2506 689 2573; x_wconf 88' lang='lat' dir='ltr'><strong>nobis</strong></span> <span class='ocrx_word' id='word_1_185' title='bbox 703 2520 736 2572; x_wconf 87' lang='lat' dir='ltr'><strong>et</strong></span> <span class='ocrx_word' id='word_1_186' title='bbox 749 2505 916 2572; x_wconf 87' lang='lat' dir='ltr'><strong>heredibus</strong></span> <span class='ocrx_word' id='word_1_187' title='bbox 930 2506 1042 2572; x_wconf 89' lang='lat' dir='ltr'><strong>nostris</strong></span> <span class='ocrx_word' id='word_1_188' title='bbox 1056 2521 1210 2593; x_wconf 88' lang='lat' dir='ltr'><strong>qnantum</strong></span> <span class='ocrx_word' id='word_1_189' title='bbox 1224 2507 1258 2572; x_wconf 89' lang='lat' dir='ltr'><strong>in</strong></span> <span class='ocrx_word' id='word_1_190' title='bbox 1273 2506 1363 2573; x_wconf 92' lang='lat' dir='ltr'><strong>nobis</strong></span> <span class='ocrx_word' id='word_1_191' title='bbox 1377 2520 1424 2572; x_wconf 89' lang='lat' dir='ltr'><strong>est</strong></span> <span class='ocrx_word' id='word_1_192' title='bbox 1438 2506 1559 2572; x_wconf 88' lang='lat' dir='ltr'><strong>dilectis</strong></span> <span class='ocrx_word' id='word_1_193' title='bbox 1573 2508 1664 2573; x_wconf 90' lang='lat' dir='ltr'><strong>nobis</strong></span> 
     </span>
     <span class='ocr_line' id='line_1_19' title="bbox 280 2612 1662 2704; baseline -0.001 -25"><span class='ocrx_word' id='word_1_194' title='bbox 280 2615 310 2680; x_wconf 90' lang='lat' dir='ltr'><strong>in</strong></span> <span class='ocrx_word' id='word_1_195' title='bbox 325 2615 451 2682; x_wconf 80' lang='lat' dir='ltr'><strong>Christo</strong></span> <span class='ocrx_word' id='word_1_196' title='bbox 465 2637 549 2680; x_wconf 91' lang='lat' dir='ltr'><strong>nunc</strong></span> <span class='ocrx_word' id='word_1_197' title='bbox 558 2615 660 2680; x_wconf 90' lang='lat' dir='ltr'><strong>Priori</strong></span> <span class='ocrx_word' id='word_1_198' title='bbox 675 2629 708 2681; x_wconf 93' lang='lat' dir='ltr'><strong>et</strong></span> <span class='ocrx_word' id='word_1_199' title='bbox 721 2615 878 2682; x_wconf 89' lang='lat' dir='ltr'><strong>canonicis</strong></span> <span class='ocrx_word' id='word_1_200' title='bbox 892 2613 954 2682; x_wconf 91' lang='lat' dir='ltr'><strong>loci</strong></span> <span class='ocrx_word' id='word_1_201' title='bbox 967 2614 1100 2704; x_wconf 84' lang='lat' dir='ltr'><strong>predicti</strong></span> <span class='ocrx_word' id='word_1_202' title='bbox 1115 2627 1268 2680; x_wconf 90' lang='lat' dir='ltr'><strong>eteorum</strong></span> <span class='ocrx_word' id='word_1_203' title='bbox 1280 2613 1504 2680; x_wconf 86' lang='lat' dir='ltr'><strong>suecessoribus</strong></span> <span class='ocrx_word' id='word_1_204' title='bbox 1518 2612 1662 2679; x_wconf 89' lang='lat' dir='ltr'><strong>concedi-</strong></span> 
     </span>
     <span class='ocr_line' id='line_1_20' title="bbox 280 2721 1661 2811; baseline 0.001 -25"><span class='ocrx_word' id='word_1_205' title='bbox 280 2743 344 2786; x_wconf 89' lang='lat' dir='ltr'><strong>mus</strong></span> <span class='ocrx_word' id='word_1_206' title='bbox 355 2733 388 2788; x_wconf 91' lang='lat' dir='ltr'><strong>et</strong></span> <span class='ocrx_word' id='word_1_207' title='bbox 397 2721 615 2788; x_wconf 84' lang='lat' dir='ltr'><strong>confirmemus</strong></span> <span class='ocrx_word' id='word_1_208' title='bbox 632 2759 638 2774; x_wconf 91' lang='lat'><strong>·</strong></span> <span class='ocrx_word' id='word_1_209' title='bbox 654 2724 735 2788; x_wconf 88' lang='lat' dir='ltr'><strong>sicut</strong></span> <span class='ocrx_word' id='word_1_210' title='bbox 748 2736 832 2788; x_wconf 87' lang='lat' dir='ltr'><strong>carte</strong></span> <span class='ocrx_word' id='word_1_211' title='bbox 846 2723 985 2811; x_wconf 86' lang='lat' dir='ltr'><strong>predicte</strong></span> <span class='ocrx_word' id='word_1_212' title='bbox 1000 2721 1229 2788; x_wconf 85' lang='lat' dir='ltr'><strong>racionabiliter</strong></span> <span class='ocrx_word' id='word_1_213' title='bbox 1244 2734 1403 2788; x_wconf 86' lang='lat' dir='ltr'><strong>testantur.</strong></span> <span class='ocrx_word' id='word_1_214' title='bbox 1427 2722 1500 2788; x_wconf 90' lang='lat' dir='ltr'><strong>Hiis</strong></span> <span class='ocrx_word' id='word_1_215' title='bbox 1514 2723 1661 2789; x_wconf 87' lang='lat' dir='ltr'><strong>testibus·</strong></span> 
     </span>
     <span class='ocr_line' id='line_1_21' title="bbox 281 2823 1661 2914; baseline 0.001 -24"><span class='ocrx_word' id='word_1_216' title='bbox 281 2823 461 2892; x_wconf 87' lang='lat' dir='ltr'><strong>Venerabili</strong></span> <span class='ocrx_word' id='word_1_217' title='bbox 471 2824 552 2914; x_wconf 89' lang='lat' dir='ltr'><strong>patri</strong></span> <span class='ocrx_word' id='word_1_218' title='bbox 566 2825 652 2912; x_wconf 91' lang='lat' dir='ltr'>[W.]</span> <span class='ocrx_word' id='word_1_219' title='bbox 665 2824 825 2913; x_wconf 88' lang='lat' dir='ltr'><strong>Wynton:</strong></span> <span class='ocrx_word' id='word_1_220' title='bbox 841 2825 987 2914; x_wconf 88' lang='lat' dir='ltr'><strong>episcopo</strong></span> <span class='ocrx_word' id='word_1_221' title='bbox 1001 2825 1192 2892; x_wconf 89' lang='lat' dir='ltr'><strong>thesaurario</strong></span> <span class='ocrx_word' id='word_1_222' title='bbox 1206 2841 1312 2892; x_wconf 87' lang='lat' dir='ltr'><strong>nostro</strong></span> <span class='ocrx_word' id='word_1_223' title='bbox 1325 2865 1332 2878; x_wconf 94' lang='lat'><strong>·</strong></span> <span class='ocrx_word' id='word_1_224' title='bbox 1345 2827 1485 2893; x_wconf 89' lang='lat' dir='ltr'><strong>Henricc</strong></span> <span class='ocrx_word' id='word_1_225' title='bbox 1497 2825 1661 2894; x_wconf 83' lang='lat' dir='ltr'><strong>Lancestr:</strong></span> 
     </span>
     <span class='ocr_line' id='line_1_22' title="bbox 281 2931 1662 3021; baseline 0.004 -25"><span class='ocrx_word' id='word_1_226' title='bbox 281 2931 510 3019; x_wconf 83' lang='lat' dir='ltr'><strong>consanguineo</strong></span> <span class='ocrx_word' id='word_1_227' title='bbox 527 2945 632 2996; x_wconf 90' lang='lat' dir='ltr'><strong>nostro</strong></span> <span class='ocrx_word' id='word_1_228' title='bbox 648 2969 655 2982; x_wconf 94' lang='lat'><strong>·</strong></span> <span class='ocrx_word' id='word_1_229' title='bbox 672 2932 796 2998; x_wconf 88' lang='lat' dir='ltr'><strong>Thema</strong></span> <span class='ocrx_word' id='word_1_230' title='bbox 810 2932 850 2998; x_wconf 89' lang='lat' dir='ltr'><strong>de</strong></span> <span class='ocrx_word' id='word_1_231' title='bbox 862 2931 952 2997; x_wconf 90' lang='lat' dir='ltr'><strong>Bello</strong></span> <span class='ocrx_word' id='word_1_232' title='bbox 965 2955 1077 3021; x_wconf 88' lang='lat' dir='ltr'><strong>cnmpo</strong></span> <span class='ocrx_word' id='word_1_233' title='bbox 1092 2934 1141 3014; x_wconf 90' lang='lat' dir='ltr'><strong>[et</strong></span> <span class='ocrx_word' id='word_1_234' title='bbox 1152 2932 1190 2996; x_wconf 91' lang='lat' dir='ltr'><strong>T.</strong></span> <span class='ocrx_word' id='word_1_235' title='bbox 1203 2931 1258 3019; x_wconf 92' lang='lat' dir='ltr'><strong>de]</strong></span> <span class='ocrx_word' id='word_1_236' title='bbox 1271 2932 1380 2998; x_wconf 87' lang='lat' dir='ltr'><strong>Warr:</strong></span> <span class='ocrx_word' id='word_1_237' title='bbox 1395 2933 1561 2999; x_wconf 87' lang='lat' dir='ltr'><strong>comitibus</strong></span> <span class='ocrx_word' id='word_1_238' title='bbox 1577 2973 1584 2986; x_wconf 89' lang='lat'><strong>·</strong></span> <span class='ocrx_word' id='word_1_239' title='bbox 1599 2958 1662 3001; x_wconf 89' lang='lat' dir='ltr'><strong>ma·</strong></span> 
     </span>
     <span class='ocr_line' id='line_1_23' title="bbox 280 3035 1661 3124; baseline 0.001 -22"><span class='ocrx_word' id='word_1_240' title='bbox 280 3035 373 3124; x_wconf 80' lang='lat' dir='ltr'><strong>gistro</strong></span> <span class='ocrx_word' id='word_1_241' title='bbox 390 3038 449 3124; x_wconf 83' lang='grc'>[1.]</span> <span class='ocrx_word' id='word_1_242' title='bbox 465 3037 505 3104; x_wconf 92' lang='lat' dir='ltr'><strong>de</strong></span> <span class='ocrx_word' id='word_1_243' title='bbox 520 3035 631 3103; x_wconf 82' lang='lat' dir='ltr'><strong>Offord</strong></span> <span class='ocrx_word' id='word_1_244' title='bbox 646 3037 764 3104; x_wconf 88' lang='lat' dir='ltr'><strong>decano</strong></span> <span class='ocrx_word' id='word_1_245' title='bbox 782 3037 911 3105; x_wconf 89' lang='lat' dir='ltr'><strong>ecclesie</strong></span> <span class='ocrx_word' id='word_1_246' title='bbox 929 3039 1019 3104; x_wconf 89' lang='lat' dir='ltr'><strong>beate</strong></span> <span class='ocrx_word' id='word_1_247' title='bbox 1040 3037 1140 3104; x_wconf 82' lang='lat' dir='ltr'><strong>Mario</strong></span> <span class='ocrx_word' id='word_1_248' title='bbox 1156 3037 1305 3104; x_wconf 88' lang='lat' dir='ltr'><strong>Lincoln:</strong></span> <span class='ocrx_word' id='word_1_249' title='bbox 1331 3037 1515 3105; x_wconf 78' lang='lat' dir='ltr'><strong>cancellario</strong></span> <span class='ocrx_word' id='word_1_250' title='bbox 1536 3052 1661 3104; x_wconf 86' lang='lat' dir='ltr'><strong>nostro·</strong></span> 
     </span>
     <span class='ocr_line' id='line_1_24' title="bbox 283 3139 1663 3230; baseline 0.003 -22"><span class='ocrx_word' id='word_1_251' title='bbox 283 3139 447 3228; x_wconf 80' lang='lat' dir='ltr'><strong>Redulpho</strong></span> <span class='ocrx_word' id='word_1_252' title='bbox 461 3142 576 3207; x_wconf 87' lang='lat' dir='ltr'><strong>barone</strong></span> <span class='ocrx_word' id='word_1_253' title='bbox 587 3141 682 3206; x_wconf 84' lang='lat' dir='ltr'><strong>Staff:</strong></span> <span class='ocrx_word' id='word_1_254' title='bbox 699 3179 706 3192; x_wconf 91' lang='lat'><strong>·</strong></span> <span class='ocrx_word' id='word_1_255' title='bbox 719 3141 939 3207; x_wconf 89' lang='lat' dir='ltr'><strong>Bartholomeo</strong></span> <span class='ocrx_word' id='word_1_256' title='bbox 948 3141 987 3207; x_wconf 90' lang='lat' dir='ltr'><strong>de</strong></span> <span class='ocrx_word' id='word_1_257' title='bbox 997 3141 1191 3230; x_wconf 86' lang='lat' dir='ltr'><strong>Burgherssh</strong></span> <span class='ocrx_word' id='word_1_258' title='bbox 1203 3181 1209 3194; x_wconf 94' lang='lat'>·</span> <span class='ocrx_word' id='word_1_259' title='bbox 1220 3143 1356 3210; x_wconf 89' lang='lat' dir='ltr'><strong>Ricardo</strong></span> <span class='ocrx_word' id='word_1_260' title='bbox 1367 3145 1484 3211; x_wconf 87' lang='lat' dir='ltr'><strong>Talbot</strong></span> <span class='ocrx_word' id='word_1_261' title='bbox 1497 3146 1663 3212; x_wconf 87' lang='lat' dir='ltr'><strong>senescallo</strong></span> 
     </span>
    </p>
   </div>
   <div class='ocr_carea' id='block_1_7' title="bbox 281 3243 1663 3526">
    <p class='ocr_par' dir='ltr' id='par_1_9' title="bbox 281 3243 1663 3526">
     <span class='ocr_line' id='line_1_25' title="bbox 281 3243 1660 3339; baseline 0.005 -30"><span class='ocrx_word' id='word_1_262' title='bbox 281 3243 409 3332; x_wconf 89' lang='lat' dir='ltr'><strong>hospicii</strong></span> <span class='ocrx_word' id='word_1_263' title='bbox 424 3245 520 3312; x_wconf 87' lang='lat' dir='ltr'><strong>nostri</strong></span> <span class='ocrx_word' id='word_1_264' title='bbox 535 3260 567 3313; x_wconf 91' lang='lat' dir='ltr'><strong>et</strong></span> <span class='ocrx_word' id='word_1_265' title='bbox 586 3246 664 3312; x_wconf 90' lang='lat' dir='ltr'><strong>aliis.</strong></span> <span class='ocrx_word' id='word_1_266' title='bbox 708 3247 827 3314; x_wconf 88' lang='lat' dir='ltr'><strong>Datum</strong></span> <span class='ocrx_word' id='word_1_267' title='bbox 841 3271 898 3336; x_wconf 88' lang='lat' dir='ltr'><strong>per</strong></span> <span class='ocrx_word' id='word_1_268' title='bbox 918 3271 1046 3314; x_wconf 89' lang='lat' dir='ltr'><strong>manum</strong></span> <span class='ocrx_word' id='word_1_269' title='bbox 1066 3261 1202 3315; x_wconf 87' lang='lat' dir='ltr'><strong>nostram</strong></span> <span class='ocrx_word' id='word_1_270' title='bbox 1226 3251 1311 3339; x_wconf 88' lang='lat' dir='ltr'><strong>apud</strong></span> <span class='ocrx_word' id='word_1_271' title='bbox 1325 3251 1635 3317; x_wconf 86' lang='lat' dir='ltr'><strong>Westmcnasterium</strong></span> <span class='ocrx_word' id='word_1_272' title='bbox 1654 3292 1660 3305; x_wconf 89' lang='lat'><strong>·</strong></span> 
     </span>
     <span class='ocr_line' id='line_1_26' title="bbox 281 3352 1663 3446; baseline 0.004 -32"><span class='ocrx_word' id='word_1_273' title='bbox 281 3352 425 3420; x_wconf 84' lang='lat' dir='ltr'><strong>vicesimo</strong></span> <span class='ocrx_word' id='word_1_274' title='bbox 439 3354 571 3442; x_wconf 88' lang='lat' dir='ltr'><strong>septimo</strong></span> <span class='ocrx_word' id='word_1_275' title='bbox 585 3354 637 3420; x_wconf 89' lang='lat' dir='ltr'><strong>die</strong></span> <span class='ocrx_word' id='word_1_276' title='bbox 646 3355 786 3444; x_wconf 86' lang='lat' dir='ltr'><strong>Augusti</strong></span> <span class='ocrx_word' id='word_1_277' title='bbox 800 3379 882 3422; x_wconf 87' lang='lat' dir='ltr'><strong>anno</strong></span> <span class='ocrx_word' id='word_1_278' title='bbox 896 3357 985 3444; x_wconf 83' lang='lat' dir='ltr'><strong>regni</strong></span> <span class='ocrx_word' id='word_1_279' title='bbox 1000 3357 1097 3422; x_wconf 89' lang='lat' dir='ltr'><strong>nostri</strong></span> <span class='ocrx_word' id='word_1_280' title='bbox 1108 3357 1228 3446; x_wconf 87' lang='lat' dir='ltr'><strong>Anglie</strong></span> <span class='ocrx_word' id='word_1_281' title='bbox 1243 3357 1391 3424; x_wconf 87' lang='lat' dir='ltr'><strong>vicesimo</strong></span> <span class='ocrx_word' id='word_1_282' title='bbox 1406 3356 1541 3436; x_wconf 76' lang='lat' dir='ltr'><strong>seeundo</strong></span> <span class='ocrx_word' id='word_1_283' title='bbox 1556 3356 1663 3444; x_wconf 84' lang='lat' dir='ltr'><strong>·regni</strong></span> 
     </span>
     <span class='ocr_line' id='line_1_27' title="bbox 282 3459 669 3526; baseline 0.008 -6"><span class='ocrx_word' id='word_1_284' title='bbox 282 3480 350 3524; x_wconf 87' lang='lat' dir='ltr'><strong>vero</strong></span> <span class='ocrx_word' id='word_1_285' title='bbox 365 3459 463 3524; x_wconf 86' lang='lat' dir='ltr'><strong>nostri</strong></span> <span class='ocrx_word' id='word_1_286' title='bbox 478 3459 609 3526; x_wconf 81' lang='lat' dir='ltr'><strong>Francie</strong></span> <span class='ocrx_word' id='word_1_287' title='bbox 624 3459 669 3524; x_wconf 83' lang='lat' dir='ltr'><strong>ix.</strong></span> 
     </span>
    </p>
   </div>
   <div class='ocr_carea' id='block_1_8' title="bbox 933 3723 1002 3797">
    <p class='ocr_par' dir='ltr' id='par_1_10' title="bbox 933 3723 1002 3797">
     <span class='ocr_line' id='line_1_28' title="bbox 933 3723 1002 3797; baseline 0.014 -1"><span class='ocrx_word' id='word_1_288' title='bbox 933 3723 1002 3797; x_wconf 90' lang='lat' dir='ltr'><strong>IX.</strong></span> 
     </span>
    </p>
   </div>
   <div class='ocr_carea' id='block_1_9' title="bbox 541 3907 1399 4001">
    <p class='ocr_par' dir='ltr' id='par_1_11' title="bbox 541 3907 1399 4001">
     <span class='ocr_line' id='line_1_29' title="bbox 541 3907 1399 4001; baseline -0.002 -18"><span class='ocrx_word' id='word_1_289' title='bbox 541 3909 688 4001; x_wconf 65' lang='lat' dir='ltr'><strong>surrexe</strong></span> <span class='ocrx_word' id='word_1_290' title='bbox 706 3910 840 3984; x_wconf 78' lang='lat' dir='ltr'><strong>stratur</strong></span> <span class='ocrx_word' id='word_1_291' title='bbox 858 3907 1011 3984; x_wconf 63' lang='lat' dir='ltr'><strong>ecberti</strong></span> <span class='ocrx_word' id='word_1_292' title='bbox 1028 3925 1097 3982; x_wconf 79' lang='lat' dir='ltr'><strong>turn</strong></span> <span class='ocrx_word' id='word_1_293' title='bbox 1115 3917 1214 3980; x_wconf 78' lang='lat' dir='ltr'><strong>tmen</strong></span> <span class='ocrx_word' id='word_1_294' title='bbox 1231 3917 1399 3981; x_wconf 80' lang='lat' dir='ltr'><strong>tertarum.</strong></span> 
     </span>
    </p>
   </div>
   <div class='ocr_carea' id='block_1_10' title="bbox 283 4094 1663 4482">
    <p class='ocr_par' dir='ltr' id='par_1_12' title="bbox 361 4094 1662 4185">
     <span class='ocr_line' id='line_1_30' title="bbox 361 4094 1662 4185; baseline 0 -23"><span class='ocrx_word' id='word_1_295' title='bbox 361 4095 516 4162; x_wconf 83' lang='lat' dir='ltr'><strong>Dwardus</strong></span> <span class='ocrx_word' id='word_1_296' title='bbox 531 4095 593 4162; x_wconf 89' lang='lat' dir='ltr'><strong>Dei</strong></span> <span class='ocrx_word' id='word_1_297' title='bbox 607 4096 712 4184; x_wconf 85' lang='lat' dir='ltr'><strong>gracia</strong></span> <span class='ocrx_word' id='word_1_298' title='bbox 725 4095 797 4161; x_wconf 87' lang='lat' dir='ltr'><strong>Rex</strong></span> <span class='ocrx_word' id='word_1_299' title='bbox 812 4096 931 4185; x_wconf 81' lang='lat' dir='ltr'><strong>Anglie</strong></span> <span class='ocrx_word' id='word_1_300' title='bbox 950 4109 983 4162; x_wconf 91' lang='lat' dir='ltr'><strong>et</strong></span> <span class='ocrx_word' id='word_1_301' title='bbox 997 4095 1128 4162; x_wconf 82' lang='lat' dir='ltr'><strong>Francie</strong></span> <span class='ocrx_word' id='word_1_302' title='bbox 1143 4109 1175 4162; x_wconf 91' lang='lat' dir='ltr'><strong>et</strong></span> <span class='ocrx_word' id='word_1_303' title='bbox 1188 4094 1334 4160; x_wconf 89' lang='lat' dir='ltr'><strong>dominus</strong></span> <span class='ocrx_word' id='word_1_304' title='bbox 1348 4095 1502 4163; x_wconf 91' lang='lat' dir='ltr'><strong>Hibernie</strong></span> <span class='ocrx_word' id='word_1_305' title='bbox 1517 4097 1662 4164; x_wconf 89' lang='lat' dir='ltr'><strong>omnibus</strong></span> 
     </span>
    </p>

    <p class='ocr_par' dir='ltr' id='par_1_13' title="bbox 283 4201 1663 4482">
     <span class='ocr_line' id='line_1_31' title="bbox 383 4201 1663 4292; baseline 0 -22"><span class='ocrx_word' id='word_1_306' title='bbox 383 4203 424 4270; x_wconf 86' lang='lat' dir='ltr'><strong>ad</strong></span> <span class='ocrx_word' id='word_1_307' title='bbox 438 4226 515 4289; x_wconf 89' lang='lat' dir='ltr'><strong>quos</strong></span> <span class='ocrx_word' id='word_1_308' title='bbox 529 4215 685 4292; x_wconf 89' lang='lat' dir='ltr'><strong>presentes</strong></span> <span class='ocrx_word' id='word_1_309' title='bbox 699 4203 788 4268; x_wconf 89' lang='lat' dir='ltr'><strong>litere</strong></span> <span class='ocrx_word' id='word_1_310' title='bbox 802 4202 1002 4292; x_wconf 87' lang='lat' dir='ltr'><strong>pervenerint</strong></span> <span class='ocrx_word' id='word_1_311' title='bbox 1015 4201 1155 4268; x_wconf 89' lang='lat' dir='ltr'><strong>salutem.</strong></span> <span class='ocrx_word' id='word_1_312' title='bbox 1192 4201 1392 4291; x_wconf 86' lang='lat' dir='ltr'><strong>Inspeximus</strong></span> <span class='ocrx_word' id='word_1_313' title='bbox 1405 4202 1509 4270; x_wconf 85' lang='lat' dir='ltr'><strong>literas</strong></span> <span class='ocrx_word' id='word_1_314' title='bbox 1523 4217 1663 4291; x_wconf 85' lang='lat' dir='ltr'><strong>patentes</strong></span> 
     </span>
     <span class='ocr_line' id='line_1_32' title="bbox 283 4309 1661 4401; baseline 0 -26"><span class='ocrx_word' id='word_1_315' title='bbox 283 4335 353 4396; x_wconf 89' lang='lat' dir='ltr'><strong>quas</strong></span> <span class='ocrx_word' id='word_1_316' title='bbox 367 4333 468 4398; x_wconf 90' lang='lat' dir='ltr'><strong>nuper</strong></span> <span class='ocrx_word' id='word_1_317' title='bbox 485 4311 543 4378; x_wconf 90' lang='lat' dir='ltr'><strong>sub</strong></span> <span class='ocrx_word' id='word_1_318' title='bbox 558 4309 661 4401; x_wconf 85' lang='lat' dir='ltr'><strong>sigillo</strong></span> <span class='ocrx_word' id='word_1_319' title='bbox 675 4323 780 4378; x_wconf 89' lang='lat' dir='ltr'><strong>nostro</strong></span> <span class='ocrx_word' id='word_1_320' title='bbox 794 4335 857 4398; x_wconf 86' lang='lat' dir='ltr'><strong>qno</strong></span> <span class='ocrx_word' id='word_1_321' title='bbox 871 4311 990 4378; x_wconf 87' lang='lat' dir='ltr'><strong>utimur</strong></span> <span class='ocrx_word' id='word_1_322' title='bbox 1003 4310 1036 4376; x_wconf 91' lang='lat' dir='ltr'><strong>in</strong></span> <span class='ocrx_word' id='word_1_323' title='bbox 1051 4323 1134 4377; x_wconf 74' lang='lat' dir='ltr'><strong>terre</strong></span> <span class='ocrx_word' id='word_1_324' title='bbox 1146 4324 1251 4377; x_wconf 88' lang='lat' dir='ltr'><strong>nostra</strong></span> <span class='ocrx_word' id='word_1_325' title='bbox 1265 4309 1418 4378; x_wconf 87' lang='lat' dir='ltr'><strong>Hibernie</strong></span> <span class='ocrx_word' id='word_1_326' title='bbox 1432 4310 1500 4378; x_wconf 90' lang='lat' dir='ltr'><strong>fieri</strong></span> <span class='ocrx_word' id='word_1_327' title='bbox 1514 4309 1661 4376; x_wconf 87' lang='lat' dir='ltr'><strong>fecimus·</strong></span> 
     </span>
     <span class='ocr_line' id='line_1_33' title="bbox 284 4414 504 4482; baseline 0.005 -4"><span class='ocrx_word' id='word_1_328' title='bbox 284 4414 314 4480; x_wconf 93' lang='lat' dir='ltr'><strong>irr</strong></span> <span class='ocrx_word' id='word_1_329' title='bbox 326 4415 386 4482; x_wconf 92' lang='lat' dir='ltr'><strong>hec</strong></span> <span class='ocrx_word' id='word_1_330' title='bbox 398 4415 504 4482; x_wconf 85' lang='lat' dir='ltr'><strong>verba.</strong></span> 
     </span>
    </p>
   </div>
   <div class='ocr_carea' id='block_1_11' title="bbox 1487 4521 1659 4588">
    <p class='ocr_par' dir='ltr' id='par_1_14' title="bbox 1487 4521 1659 4588">
     <span class='ocr_line' id='line_1_34' title="bbox 1487 4521 1659 4588; baseline 0 -2"><span class='ocrx_word' id='word_1_331' title='bbox 1487 4521 1659 4588; x_wconf 82' lang='lat' dir='ltr'><strong>Edwmdus</strong></span> 
     </span>
    </p>
   </div>
   <div class='ocr_carea' id='block_1_12' title="bbox 0 0 2149 5412">
    <p class='ocr_par' dir='ltr' id='par_1_15' title="bbox 0 0 2149 5412">
     <span class='ocr_line' id='line_1_35' title="bbox 0 0 2149 5412; baseline 0 0"><span class='ocrx_word' id='word_1_332' title='bbox 0 0 2149 5412; x_wconf 95' lang='lat' dir='ltr'><strong> </strong></span> 
     </span>
    </p>
   </div>
  </div>
 </body>
</html>
