4284 5412
1147 545 1193 639 56

484 731 557 797 Hiis
572 730 700 797 testibus
717 768 723 780 ·
739 728 867 794 domino
882 726 922 793 G.
938 725 1155 792 archidiacono
1171 725 1293 790 Dublin
1310 763 1316 776 ·
1332 725 1504 791 Benedicto
1518 725 1667 791 canonico
1684 723 1790 790 Sancti
1804 723 1865 788 Pa-

482 836 565 903 tricii
578 874 584 886 ·
597 833 768 900 Benedicto
790 829 903 898 clerico
923 829 1090 895 camerario
1102 829 1222 893 domini
1241 829 1322 918 regis
1336 829 1371 894 in
1385 831 1540 897 Hibernia
1553 869 1558 880 ·
1571 831 1592 897 J
1594 830 1709 897 ordano
1724 829 1864 896 Looard·

485 941 613 1008 Simone
628 939 784 1006 Murdach
797 977 803 990 ·
815 937 963 1026 magistro
980 936 1107 1004 Simone
1122 950 1154 1004 et
1167 936 1274 1002 multis
1289 937 1365 1003 aliis.

1101 1243 1243 1316 LVIII.

831 1427 1006 1505 nutasse
1024 1429 1158 1502 trttttos
1175 1438 1255 1500 tsttr
1272 1425 1512 1519 suprapositus.

581 1616 720 1684 Niversis
742 1631 845 1685 sancte
868 1618 974 1684 matris
997 1617 1124 1684 ecclesie
1139 1616 1212 1681 filiis
1235 1615 1275 1682 sd
1289 1639 1366 1702 quos
1385 1627 1541 1704 presentes
1559 1615 1648 1680 litere
1670 1615 1869 1703 pervenerint

603 1726 735 1792 Mabilia
753 1725 818 1791 filia
832 1725 1014 1813 Reymundi
1036 1724 1185 1789 Labaunc
1206 1722 1314 1788 relicta
1329 1722 1445 1810 Rogeri
1467 1722 1507 1787 de
1529 1721 1717 1810 Mesyntona
1738 1722 1867 1788 salutem

485 1832 519 1896 in
534 1831 681 1896 Domino.
724 1828 857 1895 Noverit
875 1829 1059 1894 universitas
1079 1841 1181 1893 vestra
1202 1828 1306 1893 mein
1326 1827 1466 1916 legitima
1488 1828 1642 1894 viduitate
1664 1853 1734 1894 mea
1748 1829 1868 1895 dedisse

485 1935 669 2003 concessisse
692 1948 725 2001 et
743 1935 848 2021 quiete
866 1934 1020 2000 relaxasse
1042 1932 1144 1999 Priori
1158 1947 1192 1998 et
1209 1933 1378 2000 conventui
1393 1933 1503 1998 domus
1518 1932 1670 1999 Omnium
1686 1934 1869 2001 Sanctorum

481 2044 577 2129 juxta
590 2042 713 2108 Dublin
726 2041 890 2106 dimidiam
904 2063 1039 2106 marcam
1061 2039 1157 2105 annui
1172 2039 1311 2105 redditus
1326 2062 1420 2125 quam
1442 2038 1539 2105 michi
1553 2039 1631 2104 dicti
1645 2039 1736 2105 Prior
1749 2053 1781 2106 et
1795 2064 1867 2106 con-

485 2162 597 2215 ventus
618 2147 736 2213 solvere
755 2160 984 2213 consueverrmt
1004 2146 1043 2211 de
1066 2171 1128 2232 qua
1149 2144 1248 2210 eciam
1262 2145 1393 2210 dimidia
1412 2169 1515 2211 marca
1536 2145 1571 2209 in
1585 2144 1683 2211 libero
1705 2146 1867 2234 maritagio

486 2256 587 2322 dictus
598 2255 805 2343 Reymundus
816 2269 903 2343 peter
917 2279 1005 2320 meus
1019 2278 1070 2320 me
1085 2267 1117 2320 et
1131 2253 1259 2319 heredes
1273 2277 1357 2319 meos
1368 2253 1496 2318 seofavit
1508 2291 1515 2304 ·
1527 2252 1702 2319 habendam
1717 2267 1750 2319 et
1762 2267 1869 2318 tenen-

486 2361 558 2428 dam
573 2361 632 2427 sibi
647 2375 680 2428 et
693 2362 917 2428 successoribus
932 2362 995 2428 suis
1010 2362 1049 2428 de
1064 2386 1114 2427 me
1129 2375 1162 2427 et
1175 2361 1341 2427 heredibus
1363 2361 1440 2426 meis
1455 2361 1552 2427 libere
1571 2361 1676 2447 quiete
1691 2360 1818 2448 pacifice
1837 2375 1869 2424 et

485 2467 655 2533 honorifice
669 2490 742 2532 cum
753 2465 906 2554 homagiis
921 2466 1048 2532 escaetis
1062 2479 1095 2531 et
1105 2466 1249 2532 omnibus
1263 2466 1457 2532 hbertatibus
1472 2479 1504 2532 et
1517 2465 1623 2532 liberis
1637 2465 1868 2532 consuetudini-

486 2574 543 2639 bus
558 2572 654 2638 michi
669 2585 702 2637 et
715 2572 882 2638 heredibus
896 2573 973 2639 meis
988 2573 1224 2661 pertinentibus.
1269 2575 1319 2640 Ita
1336 2575 1420 2660 quod
1435 2598 1493 2640 nec
1511 2599 1571 2663 ego
1589 2597 1647 2640 neo
1664 2573 1794 2640 heredes
1807 2572 1868 2638 mei

486 2703 543 2745 neo
558 2677 670 2765 aliquis
684 2678 811 2744 nomine
822 2692 926 2744 nostro
941 2679 1061 2765 aliquid
1071 2680 1152 2766 juris
1171 2680 1222 2746 vel
1237 2680 1341 2750 olamii
1361 2681 1490 2769 exigere
1503 2680 1618 2747 habere
1632 2704 1688 2746 seu
1706 2679 1869 2746 vendicare

486 2785 520 2849 in
535 2785 619 2850 dicta
637 2783 769 2849 dimidia
790 2809 894 2852 marca
913 2787 1009 2851 annui
1029 2787 1169 2853 redditus
1192 2813 1265 2854 cum
1286 2788 1485 2876 pertinenciis
1505 2787 1544 2853 dc
1567 2801 1670 2854 cetero
1690 2785 1869 2875 poterimus.

486 2890 558 2978 Ego
572 2913 647 2955 vero
661 2889 746 2955 diota
760 2890 893 2956 Mabilia
906 2905 939 2957 et
952 2891 1081 2959 heredes
1095 2893 1158 2959 mei
1173 2894 1264 2960 dictis
1279 2893 1381 2959 Priori
1396 2907 1428 2960 et
1442 2894 1611 2960 conventui
1626 2907 1779 2960 eteorum
1802 2915 1869 2956 suc-

487 2996 657 3063 cessoribus
670 2996 785 3063 dictam
797 2997 960 3064 dimidiam
971 3024 1106 3067 marcam
1121 3025 1193 3067 oum
1204 3001 1267 3066 suis
1281 2999 1481 3088 pertinenciis
1492 3013 1599 3066 contra
1610 3021 1715 3063 omnes
1729 2993 1869 3060 homines

488 3114 520 3168 et
542 3101 671 3168 seminas
693 3103 970 3171 warantizabimus.
1014 3107 1054 3172 In
1068 3109 1157 3194 cujus
1182 3108 1228 3174 rei
1247 3107 1461 3174 testimonium
1481 3117 1637 3194 presentes
1657 3102 1761 3167 literas
1776 3097 1868 3187 sigilli

487 3208 549 3276 mei
564 3207 765 3298 impressione
781 3209 861 3274 duxi
880 3211 1076 3278 roborandas.
1120 3211 1240 3277 Datum
1254 3211 1377 3277 Dublin
1392 3211 1443 3276 die
1457 3210 1547 3277 Jovis
1568 3207 1713 3297 proxima
1727 3216 1798 3271 ante
1812 3202 1868 3268 fes-

486 3334 555 3386 tum
571 3319 755 3388 Sanctorum
770 3319 915 3386 Tiburcii
930 3333 962 3386 et
976 3317 1138 3386 Valeriani
1153 3343 1234 3385 anno
1248 3318 1338 3408 regni
1352 3317 1434 3408 regis
1444 3316 1594 3384 Edwardi
1609 3311 1849 3382 tercio-decimo.

1128 3669 1230 3743 LIX„

937 3855 996 3930 Dr
1012 3857 1113 3929 rotem
1129 3857 1245 3931 rrtttta
1262 3855 1419 3930 trlaxattn.

577 4041 707 4110 Mnibus
719 4041 837 4109 Christi
850 4041 995 4110 fidelibus
1009 4043 1065 4110 has
1079 4043 1183 4110 literas
1197 4043 1308 4109 visuris
1323 4042 1374 4108 vel
1388 4041 1539 4108 audituris
1553 4041 1575 4108 J
1577 4040 1699 4107 ohanna
1712 4037 1778 4105 filia
1788 4037 1871 4127 Rey-

599 4147 709 4213 mundi
725 4147 875 4215 Labaunc
897 4149 1028 4216 salutem
1042 4149 1077 4214 in
1092 4149 1240 4215 Domino.
1283 4147 1442 4214 Noveritis
1464 4171 1515 4214 me
1538 4145 1721 4214 concessisse
1745 4145 1871 4210 omnino

489 4256 641 4325 remisisse
662 4265 695 4321 et
713 4253 856 4340 quietum
877 4254 1022 4321 clamasse
1037 4254 1139 4321 Priori
1154 4267 1186 4322 et
1210 4255 1379 4322 conventui
1394 4253 1504 4319 domus
1519 4253 1671 4320 Omnium
1688 4252 1872 4319 Sanctorum

485 4359 707 4451 juxtaDublin
718 4363 782 4447 [et]
798 4383 906 4426 eorum
920 4361 1144 4428 mccessoribus
1155 4373 1257 4427 totum
1264 4360 1318 4448 jus
1329 4373 1361 4427 et
1371 4359 1520 4428 clamium
1530 4359 1555 4426 si
1568 4357 1653 4448 quod
1665 4356 1762 4424 habui
1773 4355 1824 4421 vol
1839 4355 1872 4420 in

1716 4477 1872 4552 posterum
