4284 5412
971 640 992 710 9

286 811 353 861 tum
370 797 541 864 Latronen:
565 823 621 886 per
639 823 765 864 manum
781 797 921 889 magistri
936 797 1022 864 Petri
1037 797 1076 864 de
1096 797 1277 864 Mediolano
1294 811 1397 864 sancte
1413 798 1553 863 Romane
1576 797 1674 864 eccle·

286 903 330 968 sie
353 901 598 969 vicecancellarii
615 941 621 954 ·
639 902 719 988 xiiij.
737 902 807 968 Kal.
822 901 922 968 Junii.
961 901 1138 966 Indictione
1153 901 1210 988 iiij.
1255 901 1485 968 lncarnacionis
1508 901 1675 966 Dominice

286 1008 451 1075 millesimo
470 1010 609 1077 cclxxvi.
625 1008 829 1077 Pontificatus
846 1032 921 1076 vero
936 1007 1056 1074 domini
1067 1007 1249 1074 innocencii
1263 1031 1344 1096 pape
1363 1007 1466 1096 quinti
1481 1031 1562 1072 anno
1576 1006 1673 1073 tercio

290 1111 432 1200 [primo]-

942 1359 1010 1434 IV.

825 1543 909 1620 fllia
926 1545 1130 1621 mumistia.

338 1729 370 1794 N
372 1730 539 1796 nocentius
562 1729 726 1818 episcopus
749 1755 856 1798 servus
874 1755 1033 1798 servorum
1048 1731 1110 1798 Dei
1126 1731 1248 1798 dilectis
1262 1731 1334 1798 filiis
1349 1731 1451 1798 Priori
1471 1745 1504 1798 et
1517 1733 1674 1799 canonicis

360 1836 489 1903 ecclesie
505 1837 656 1902 Omnium
673 1836 858 1904 Sanctorum
873 1837 912 1904 de
928 1837 1050 1904 Dublin
1072 1838 1202 1904 salutern
1218 1853 1250 1904 et
1267 1838 1468 1927 apostolicam
1482 1838 1674 1905 benedictio·

290 1965 368 2007 nem.
413 1943 436 2008 J
438 1942 512 2008 ustis
527 1943 704 2030 petencium
720 1942 880 2009 desideriis
895 1943 1039 2010 divinum
1054 1959 1101 2010 est
1114 1967 1170 2009 nos
1185 1943 1308 2010 facilem
1323 1946 1451 2032 prebere
1471 1967 1628 2010 assensum
1642 1957 1673 2011 et

290 2061 360 2113 vota
374 2073 436 2136 que
451 2073 469 2114 a
483 2048 615 2114 racionis
629 2049 752 2116 tramite
767 2073 831 2114 non
846 2049 1024 2116 discordant
1038 2051 1152 2116 effectu
1167 2065 1372 2139 prosequente
1386 2049 1551 2137 complere.

351 2153 401 2219 Ea
414 2169 541 2242 propter
549 2154 655 2220 dilecti
670 2154 704 2219 in
715 2155 854 2220 Domino
864 2155 922 2220 filii
937 2155 1046 2222 vestris
1056 2157 1150 2242 justis
1164 2155 1428 2245 postulacionibus
1442 2170 1530 2244 grato
1545 2179 1674 2222 concur-

290 2273 388 2326 rentes
411 2285 535 2326 assensu
556 2299 563 2312 ·
584 2260 624 2326 de
644 2261 826 2328 Kenturnae
847 2300 853 2313 ·
875 2261 1083 2350 Dunlrernaig
1103 2301 1110 2314 ·
1130 2261 1335 2350 Balycloglan
1357 2299 1363 2312 ·
1383 2275 1415 2327 et
1438 2260 1671 2351 Balydubgail·

291 2366 484 2454 Rubanagan
498 2405 504 2418 ·
517 2365 699 2432 Kaldronan
716 2405 722 2418 ·
739 2365 940 2432 Cnoclislann
954 2365 1097 2432 ecclesias
1112 2379 1144 2431 et
1158 2365 1232 2431 alias
1247 2364 1450 2453 possessiones
1464 2383 1580 2430 vestras
1594 2365 1675 2432 sicut

291 2499 338 2540 eas
348 2475 432 2561 juste
448 2499 484 2540 ac
498 2473 628 2562 pacifice
646 2473 808 2561 possidetis
823 2473 987 2540 devocioni
1002 2488 1102 2539 vestre
1121 2473 1303 2539 auctoritate
1323 2471 1491 2560 apostolica
1510 2473 1673 2538 confirma·

290 2603 355 2646 mus
370 2597 403 2646 et
414 2580 564 2668 presentis
579 2579 685 2667 scripti
700 2579 873 2667 patrocinio
888 2579 1126 2644 communimus.
1170 2579 1260 2644 Nulli
1274 2603 1348 2666 crgo
1362 2578 1489 2642 omnino
1509 2577 1672 2643 hominum

291 2685 381 2752 liceat
395 2686 476 2752 hane
497 2685 645 2774 paginam
668 2700 770 2751 nostre
792 2684 1040 2752 confirmacionis
1064 2684 1233 2772 infringere
1256 2684 1307 2750 vel
1322 2709 1399 2750 ausu
1413 2683 1576 2750 temerario
1599 2707 1672 2750 con·

291 2791 389 2856 traire.
436 2789 471 2856 Si
495 2790 564 2875 quis
587 2803 691 2855 autem
706 2789 765 2856 hoc
788 2803 971 2877 attemptare
988 2790 1239 2878 [presumpserit]
1259 2790 1512 2880 indignacionem
1531 2791 1673 2879 omnipo-

291 2897 382 2964 tentis
391 2896 454 2963 Dei
465 2911 497 2962 et
510 2897 672 2962 beatorum
684 2894 769 2960 Petri
781 2909 813 2960 et
821 2893 912 2960 Pauli
923 2893 1131 2982 apostolorum
1146 2917 1178 2960 se
1193 2894 1316 2960 noverit
1326 2895 1532 2962 incrusurum.
1554 2897 1673 2962 Datum

292 3003 436 3094 Anagnia
451 3003 521 3090 xiij.
538 3003 609 3069 Kal.
626 3001 826 3091 Septembris.
870 2999 1073 3067 Pontificatus
1087 2999 1184 3068 nostri
1199 3025 1281 3067 anno
1296 3015 1394 3068 sexto.

957 3303 1005 3378 V.

732 3486 816 3565 fllia
831 3489 1024 3563 truttmunt
1041 3487 1229 3564 mostata

340 3655 540 3744 Nnocencius
555 3675 717 3765 episcopus
736 3699 843 3742 servus
861 3699 1019 3742 servorum
1035 3677 1097 3742 Dei
1112 3675 1233 3742 dilectis
1247 3673 1320 3740 filiis
1334 3672 1437 3738 Priori
1451 3684 1484 3738 et
1505 3675 1675 3739 conventui

363 3783 516 3850 Omnium
528 3783 711 3848 Sanctorum
722 3781 843 3848 Dublin
858 3780 974 3846 ordinis
987 3780 1084 3847 sancti
1093 3779 1267 3869 Augustini
1281 3778 1412 3844 salutern
1428 3793 1460 3844 et
1475 3780 1674 3867 apostolicam

293 3886 549 3954 benedictionem.
575 3885 774 3951 Sacrosancta
785 3885 926 3950 Romana
936 3882 1066 3950 ecclesia
1076 3884 1205 3950 devotos
1216 3897 1248 3949 et
1261 3883 1395 3948 humiles
1405 3883 1486 3948 filios
1501 3909 1543 3950 ex
1556 3903 1674 3952 assuete

293 3995 411 4082 pietatis
426 3993 529 4060 officio
540 3992 721 4081 propensius
733 3991 863 4081 diligere
877 3993 1058 4059 consuevit·
1070 4007 1103 4058 et
1116 4015 1156 4057 ne
1171 4015 1338 4080 pravorum
1348 3990 1512 4057 hominum
1526 3991 1674 4058 molestiis

295 4101 446 4190 agitentur
457 4123 509 4165 eos
520 4112 668 4184 tanquam
682 4099 736 4186 pia
749 4114 848 4164 mater
862 4121 916 4164 sue
931 4098 1132 4185 protectionis
1146 4097 1321 4162 munimine
1336 4098 1509 4164 confovere.
1628 4157 1632 4166 .

353 4207 402 4272 Ea
416 4218 542 4293 propter
553 4202 660 4270 dilecti
674 4203 708 4268 in
717 4203 855 4269 Domino
869 4202 928 4268 filii
943 4203 1051 4269 vestris
1058 4203 1151 4289 justis
1165 4201 1429 4291 postulacionibus
1443 4217 1531 4290 grato
1545 4226 1672 4271 concur-

296 4323 389 4376 rentes
404 4332 527 4375 assensu
536 4346 544 4359 ·
554 4332 699 4396 personas
709 4323 825 4376 vestras
839 4325 871 4376 et
881 4311 985 4376 locum
1000 4311 1033 4374 in
1044 4335 1106 4396 quo
1115 4309 1224 4375 divino
1239 4309 1312 4376 estis
1326 4309 1473 4396 obsequio
1487 4310 1672 4399 mancipati·

296 4437 361 4480 cum
376 4414 521 4480 omnibus
535 4414 624 4480 bonis
639 4439 700 4500 que
714 4414 748 4479 in
762 4417 991 4503 presenciarum
1006 4413 1236 4482 racionabiliter
1249 4415 1412 4503 possidetis
1426 4427 1480 4481 aut
1490 4415 1525 4480 in
1535 4415 1675 4482 futunnn

334 4541 422 4586 raras
438 4539 533 4586 anon.
550 4541 613 4586 soc.
634 4544 680 4587 10.
970 4521 997 4588 O
1581 4521 1673 4606 justis
