4284 5412
1138 639 1183 692 20

464 795 605 863 naciones
620 795 818 864 ecclesiarum
829 797 978 884 usquead
994 797 1129 865 valorem
1144 801 1259 890 viginti
1270 804 1418 871 librarum
1435 828 1491 892 per
1506 828 1622 870 annum
1640 844 1646 858 ·
1663 817 1727 872 tam
1742 831 1778 872 ea
1793 831 1854 893 qne

465 903 504 969 de
520 905 611 970 nobis
626 905 659 969 in
674 905 776 993 capite
791 929 884 990 quam
900 907 938 971 de
954 907 1022 972 aliis
1036 921 1182 975 tenentur
1196 911 1340 977 habenda
1354 923 1386 977 et
1400 909 1534 976 tenenda
1554 910 1612 975 sibi
1628 924 1660 975 et
1674 910 1855 976 successori-

465 1010 522 1075 bus
537 1011 599 1075 suis
614 1011 648 1075 in
663 1035 771 1098 puram
787 1025 820 1077 et
833 1026 1015 1101 perpetuam
1030 1014 1229 1084 elemosinam
1243 1019 1485 1107 imperpetuum.
1531 1018 1654 1083 Statuto
1666 1016 1705 1081 de
1720 1016 1809 1082 terris
1823 1031 1856 1082 et

463 1117 648 1183 tenementis
665 1117 704 1182 ad
720 1141 847 1182 manum
867 1133 1021 1184 mortuam
1036 1144 1099 1184 non
1118 1123 1271 1210 ponendis
1286 1123 1371 1189 edito
1392 1146 1456 1187 non
1478 1123 1619 1187 obstante
1636 1159 1642 1172 ·
1659 1121 1735 1185 dum
1750 1134 1853 1186 tamen

464 1251 520 1314 per
530 1227 749 1312 inquisitiones
760 1226 835 1292 inde
849 1225 989 1292 informa
1000 1227 1106 1294 debita
1120 1229 1286 1317 capiendas
1300 1230 1376 1295 etin
1391 1229 1574 1296 cancellaria
1587 1227 1854 1294 nostraHibemie

465 1333 516 1400 vel
535 1333 686 1399 heredum
710 1344 885 1397 nostrorum
904 1331 964 1397 rite
989 1334 1189 1398 retornandas
1218 1347 1410 1421 compertum
1434 1333 1475 1398 sit
1497 1333 1582 1418 quod
1601 1332 1636 1396 id
1653 1330 1721 1396 fieri
1741 1330 1855 1419 poterit

464 1441 579 1525 absque
594 1438 730 1526 dampno
744 1438 796 1503 vel
810 1437 984 1526 prejudicio
1005 1438 1103 1503 nostri
1117 1438 1168 1504 vel
1183 1439 1334 1505 heredum
1354 1453 1529 1504 nostrorum
1552 1462 1606 1504 seu
1630 1438 1761 1503 aliorum
1777 1461 1853 1523 quo-

464 1567 678 1630 rumcumque.
721 1544 761 1608 In
772 1544 860 1628 cujus
875 1543 920 1609 rei
935 1543 1148 1609 testimonium
1159 1544 1215 1610 has
1229 1545 1333 1610 literas
1344 1559 1463 1610 nostras
1477 1544 1544 1610 fieri
1559 1543 1689 1609 fecimus
1704 1557 1852 1631 patentes.

464 1651 558 1716 Teste
570 1649 698 1736 meipso
710 1648 793 1738 apud
806 1649 980 1738 Kylkenny
991 1649 1101 1736 quinto
1110 1650 1162 1717 die
1170 1651 1291 1739 Aprilis
1303 1675 1384 1716 anno
1395 1651 1484 1739 regni
1494 1649 1591 1715 nostri
1600 1649 1723 1715 decimo
1734 1662 1852 1715 octavo.

530 1755 751 1843 [Faryngtoun
771 1777 827 1842 per
845 1753 949 1842 ipsum
964 1754 1084 1842 Regem
1104 1767 1136 1820 et
1155 1778 1211 1842 pro
1230 1754 1436 1843 quadraginta
1456 1753 1562 1819 solidis
1582 1753 1690 1818 solutis
1709 1752 1742 1817 in
1757 1753 1852 1818 hana·

464 1861 577 1950 perio]

1121 2071 1190 2143 XI.

765 2232 914 2308 nsunt
932 2243 960 2304 n
977 2232 1169 2306 artmano
1185 2233 1304 2306 tnnttt
1320 2233 1470 2326 flaturi,
1488 2235 1545 2306 &a

566 2395 700 2463 Enricus
712 2396 774 2463 Dei
788 2397 893 2486 gracia
903 2396 976 2462 Rex
983 2397 1103 2485 Anglie
1118 2410 1151 2464 et
1164 2399 1232 2464 dux
1241 2398 1433 2464 Normannie
1448 2410 1481 2463 et
1494 2393 1689 2483 Aquitannie
1703 2408 1736 2459 et
1750 2415 1851 2460 comes

579 2503 767 2591 Andegavie
783 2541 791 2555 ·
807 2503 1061 2592 Archiepiscopis
1076 2504 1228 2592 episcopis
1252 2503 1415 2570 abbatibus
1430 2503 1596 2569 comitibus
1607 2500 1774 2568 baronibus
1784 2499 1852 2585 jus·

461 2612 589 2678 ticiariis
604 2609 842 2676 vicecomitibus
856 2623 889 2675 et
903 2607 1047 2674 omnibus
1062 2608 1211 2673 ministris
1225 2620 1258 2674 et
1271 2607 1416 2673 fidelibus
1429 2606 1492 2672 suis
1507 2604 1647 2671 Franciis
1661 2603 1806 2693 Anglicis
1819 2615 1852 2669 et

460 2714 723 2784 Hibemiensibus
746 2713 886 2779 salutem.
933 2711 1045 2779 Sciatis
1070 2735 1120 2777 me
1143 2712 1264 2779 dedisse
1284 2724 1317 2778 et
1340 2712 1524 2778 concessisse
1545 2725 1578 2778 et
1598 2711 1658 2777 hac
1674 2734 1744 2776 mea
1768 2723 1851 2778 carta

460 2821 655 2886 confirmasse
675 2816 803 2882 ecclesie
818 2814 972 2881 Omnium
988 2814 1174 2881 Sanctorum
1192 2815 1228 2881 in
1246 2816 1390 2882 orientali
1403 2831 1491 2905 parte
1506 2817 1629 2884 Dublin
1647 2831 1681 2884 et
1694 2817 1851 2884 canonicis

349 3009 350 3013 Ἰ
459 2926 579 2992 ibidem
594 2925 663 2990 Deo
678 2923 884 2990 servientibus
897 2923 953 2988 has
967 2935 1063 2989 terras
1079 2922 1197 2990 scilicet
1212 2962 1220 2976 ·
1234 2924 1488 3013 Balencongalan
1503 2963 1510 2976 ·
1527 2925 1669 2992 Kanturc
1685 2963 1692 2977 ·
1708 2925 1850 2992 Dunoar-

459 3056 519 3098 nac
535 3070 543 3083 ·
559 3029 744 3118 Baledugall
760 3067 766 3082 ·
784 3029 977 3118 Rubanagan
994 3067 1001 3082 ·
1017 3030 1213 3119 Cnochyflan
1230 3071 1237 3084 ·
1254 3033 1435 3099 Kaldronan
1452 3072 1459 3086 ·
1474 3035 1560 3100 etad
1574 3059 1612 3100 ea
1633 3033 1826 3122 pertinencia
1841 3070 1848 3085 ·

343 3149 346 3174 ³
459 3138 495 3202 in
509 3160 620 3226 puram
635 3149 667 3201 et
680 3149 862 3223 perpetuam
877 3135 1078 3202 elemosinam
1091 3161 1149 3225 pro
1164 3138 1262 3204 salute
1276 3139 1379 3205 anime
1394 3163 1463 3205 mee
1478 3152 1510 3204 et
1524 3153 1750 3205 antecessorum
1765 3163 1848 3205 meo·

459 3268 531 3310 rum
548 3283 554 3296 ·
570 3266 643 3309 cum
658 3241 787 3308 decimis
802 3255 834 3306 et
848 3241 984 3327 antiquis
998 3243 1139 3308 terminia
1154 3257 1187 3310 et
1200 3244 1268 3310 aliis
1282 3243 1388 3310 liberis
1402 3245 1679 3311 consuetudinibus
1693 3245 1756 3311 suis
1771 3245 1851 3312 sicut

460 3351 572 3417 melius
586 3349 691 3437 aliqua
705 3347 874 3414 elemosina
888 3347 955 3412 dari
969 3349 1093 3436 poterit.

525 3457 630 3537 Quare
644 3455 717 3521 volo
731 3468 763 3520 et
777 3454 908 3520 firmiter
921 3455 1060 3544 precipio
1071 3457 1158 3544 quod
1170 3457 1321 3545 prefatam
1332 3458 1494 3525 ecclesiam
1508 3470 1541 3524 et
1554 3458 1719 3524 canonicos
1733 3481 1803 3524 suos
1817 3471 1850 3524 et

462 3586 569 3628 omnes
583 3585 630 3628 res
654 3574 686 3626 et
705 3573 800 3626 terras
824 3583 893 3625 suas
912 3560 1138 3626 manuteneatis
1157 3576 1190 3627 et
1203 3561 1384 3628 custodiatis
1402 3575 1435 3628 et
1448 3561 1617 3650 protegatis
1634 3600 1641 3614 ·
1656 3563 1774 3628 nullam
1790 3562 1849 3627 sibi

461 3669 513 3734 vel
526 3669 618 3734 rebus
633 3666 695 3732 suis
710 3665 858 3752 injuriam
871 3665 922 3731 vel
938 3667 1158 3733 contumeliam
1173 3667 1321 3734 facientes
1339 3692 1397 3734 nec
1412 3669 1450 3734 ab
1466 3668 1571 3756 aliquo
1584 3668 1653 3734 fieri
1668 3669 1848 3756 permitten-

462 3792 508 3842 tes
525 3814 531 3827 ·
548 3788 595 3841 set
608 3774 634 3839 si
649 3773 719 3860 quis
734 3774 793 3840 sibi
807 3774 841 3839 in
857 3773 962 3861 aliquo
974 3774 1162 3841 foresfecerit
1171 3774 1342 3864 plenariam
1356 3777 1431 3841 inde
1446 3776 1511 3842 sine
1527 3774 1680 3841 dilacione
1690 3775 1849 3862 justiciam

460 3882 580 3950 faciatis
590 3895 623 3948 et
636 3882 823 3970 permittatis
838 3884 1009 3972 predictam
1025 3883 1186 3950 ecclesiam
1200 3883 1315 3950 habere
1330 3908 1437 3949 omnes
1451 3881 1605 3972 predictas
1624 3895 1719 3948 terras
1733 3895 1766 3948 et
1779 3905 1848 3970 pos-

460 3989 608 4056 sessiones
618 4000 651 4055 et
661 3987 887 4054 omnesliberas
898 4004 930 4056 et
941 3990 1083 4076 antiquas
1094 3989 1333 4056 consuetudines
1344 4002 1376 4055 et
1386 3989 1544 4055 libertates
1554 4011 1624 4054 suas
1635 4026 1642 4041 ·
1652 3988 1850 4055 sicutmelius

460 4111 493 4164 et
506 4095 629 4186 plenius
645 4094 777 4160 Dermot
791 4095 863 4161 Rex
875 4096 1014 4186 Legenie
1029 4097 1183 4186 predictas
1197 4110 1292 4162 terras
1307 4111 1340 4162 et
1352 4096 1556 4185 possessiones
1570 4094 1850 4184 predicteecclesie

461 4203 590 4269 donavit
603 4217 636 4270 et
648 4203 761 4268 liberas
775 4205 1015 4271 consuetudines
1029 4205 1188 4272 concessit.
1232 4205 1379 4272 Testibus
1396 4243 1403 4257 ·
1416 4202 1590 4271 Laurentio
1602 4202 1724 4268 Dublin
1734 4201 1849 4267 Archi-

459 4309 604 4397 episcopo
622 4347 628 4359 ·
644 4307 756 4374 Edano
767 4308 856 4397 Lug:
871 4309 1016 4398 episcopo
1032 4349 1039 4362 ·
1052 4311 1091 4376 E.
1102 4312 1133 4392 [?
1148 4310 1204 4396 R.]
1221 4308 1334 4376 comite
1350 4310 1460 4374 Destr:
1476 4347 1484 4360 ·
1500 4307 1543 4372 H.
1556 4308 1595 4374 de
1611 4308 1699 4396 Laey
1712 4344 1719 4359 ·
1731 4306 1848 4372 Radul·

459 4414 524 4503 pho
538 4413 577 4479 de
592 4413 727 4479 Warncr
743 4451 749 4464 ·
767 4413 906 4479 Roberto
921 4414 1034 4481 Poerio
1051 4453 1057 4466 ·
1073 4414 1237 4482 Willelmo
1252 4414 1436 4482 cancellario
1450 4437 1520 4482 meo
1535 4427 1568 4482 et
1581 4414 1689 4480 multis
1703 4413 1781 4482 aliis.
