4284 5412
1135 643 1182 718 74

1051 893 1275 966 LXXXIII.

799 1081 857 1155 he
873 1077 913 1152 xl.
932 1076 1079 1154 solantis
1097 1081 1199 1154 sanat
1215 1080 1350 1154 tibullus
1368 1079 1402 1152 tu
1419 1076 1526 1154 aulo.

559 1270 688 1336 Mnibus
703 1268 743 1333 ad
758 1291 835 1354 quos
854 1291 979 1355 presens
998 1282 1082 1335 carta
1101 1269 1278 1358 pervenerit
1290 1266 1450 1335 Galsridus
1465 1267 1504 1332 de
1518 1264 1665 1352 Appilby
1679 1261 1811 1328 salutem
1826 1261 1860 1326 in

580 1375 727 1441 Domino.
772 1372 904 1439 Noverit
927 1373 1111 1439 universitas
1130 1389 1232 1439 vestra
1253 1397 1304 1439 me
1327 1371 1511 1438 concessisse
1526 1369 1646 1436 dedisse
1670 1380 1703 1434 ct
1716 1367 1774 1434 hac
1790 1391 1859 1455 pre-

469 1483 549 1549 senti
564 1495 648 1547 carta
662 1503 732 1545 mea
746 1478 941 1545 confirmasse
952 1477 1022 1543 Deo
1037 1491 1070 1543 et
1077 1479 1167 1544 beate
1179 1479 1281 1544 Maria
1296 1492 1328 1544 et
1342 1478 1499 1544 canonicis
1508 1478 1661 1544 Omnium
1674 1477 1860 1543 Sanctorum

472 1587 594 1653 Dublin
608 1585 726 1651 ibidem
738 1585 807 1650 Deo
819 1583 1025 1650 servientibus
1038 1623 1045 1634 ·
1057 1607 1113 1671 pro
1128 1585 1226 1650 salute
1241 1584 1344 1650 anime
1359 1607 1427 1650 mee
1438 1599 1471 1649 et
1482 1598 1710 1650 antecessorum
1720 1606 1860 1649 meorum

472 1691 677 1779 quadraginta
695 1689 841 1755 solidatos
864 1690 959 1755 annui
973 1689 1114 1755 redditus
1128 1690 1344 1778 percipiendos
1359 1691 1392 1755 in
1408 1689 1622 1756 Manhthonin
1636 1690 1670 1754 in
1684 1701 1862 1754 tenemento

472 1797 510 1861 de
525 1795 623 1860 Arclo
640 1833 646 1845 ·
663 1793 812 1860 videlicet
826 1796 1025 1862 medietatem
1040 1797 1080 1861 ad
1095 1796 1192 1863 Pasca
1205 1812 1238 1863 et
1252 1797 1344 1863 aliam
1359 1797 1559 1863 medietatem
1570 1796 1611 1862 ad
1624 1795 1738 1861 festum
1754 1793 1862 1861 Sancti

471 1899 636 1966 Michaelis
656 1937 662 1950 ·
678 1899 837 1965 habendos
851 1912 884 1966 et
897 1901 1047 1967 tenendos
1068 1902 1174 1969 sibiet
1193 1903 1418 1970 successoribus
1436 1903 1499 1969 suis
1519 1903 1559 1968 de
1581 1926 1631 1968 me
1650 1915 1682 1968 et
1695 1899 1861 1968 heredibus

472 2003 549 2069 meis
563 2004 597 2068 in
611 2028 721 2091 puram
736 2018 768 2068 et
782 2018 965 2092 perpetuam
980 2005 1189 2071 elemosinam.

536 2109 586 2174 Ita
603 2122 708 2174 tamen
730 2108 814 2195 quod
833 2109 859 2174 si
874 2109 951 2175 dicti
971 2110 1113 2176 canonici
1127 2110 1291 2176 inveniant
1310 2110 1515 2198 propinquius
1530 2109 1652 2176 Dublin
1675 2123 1789 2176 terram
1811 2111 1862 2176 vel

472 2214 630 2280 redditum
649 2215 850 2280 vendendum
870 2215 910 2280 ad
924 2215 1097 2282 valenciam
1117 2216 1162 2281 xl.
1177 2216 1379 2282 solidatorum
1396 2255 1403 2268 ·
1419 2215 1490 2305 Ego
1506 2215 1666 2281 Gelfridus
1689 2229 1721 2281 et
1734 2217 1864 2284 heredes

472 2320 535 2386 mei
544 2319 660 2386 dictam
669 2333 782 2386 terram
794 2319 846 2385 vel
856 2319 1014 2385 redditum
1025 2320 1070 2386 eis
1078 2319 1192 2386 habere
1200 2320 1349 2386 faciemus
1360 2321 1440 2387 sicut
1450 2320 1627 2409 predictum
1636 2333 1682 2386 est
1693 2320 1733 2385 ad
1742 2321 1862 2409 predic·

471 2439 536 2490 tam
550 2425 723 2491 valenciam
734 2463 742 2476 ·
752 2424 796 2489 Et
806 2449 880 2491 cum
889 2425 1053 2491 fecerimus
1064 2426 1141 2492 dicti
1150 2427 1194 2491 xl.
1207 2427 1331 2492 solidati
1343 2427 1438 2492 annui
1449 2427 1590 2492 redditus
1600 2427 1634 2491 in
1650 2426 1863 2494 Manhthonin

473 2532 514 2596 ad
527 2556 584 2597 nos
598 2547 802 2598 revertentur.

536 2638 608 2727 Ego
623 2662 698 2703 vero
712 2650 745 2703 et
758 2637 888 2703 heredes
902 2635 966 2702 mei
981 2635 1072 2702 dictis
1091 2636 1249 2702 canonicis
1267 2650 1299 2702 et
1314 2637 1539 2703 successoribus
1557 2636 1620 2702 suis
1635 2637 1735 2703 dictos
1750 2637 1862 2702 solida-

472 2757 519 2809 tos
534 2744 630 2809 annui
645 2744 786 2810 redditus
800 2758 908 2810 contra
923 2766 1029 2808 omnes
1043 2742 1186 2808 homines
1208 2756 1241 2810 et
1253 2743 1385 2810 feminas
1398 2742 1433 2808 in
1447 2756 1635 2831 perpetuum
1649 2743 1862 2809 warentizabi·

472 2873 551 2913 mus.
595 2848 639 2913 Et
652 2862 689 2912 ut
708 2848 767 2913 hec
780 2871 851 2913 mea
864 2846 996 2913 donacio
1011 2859 1043 2912 et
1057 2846 1213 2912 concessio
1228 2860 1294 2912 rata
1308 2860 1341 2912 ct
1354 2846 1473 2912 stabilis
1487 2861 1668 2934 permaneat
1681 2871 1750 2914 eam
1768 2847 1862 2936 sigilli

472 2953 536 3017 mei
558 2953 733 3018 munimine
756 2954 909 3020 roboravi.
953 2952 1027 3019 Hiis
1047 2953 1178 3022 testibus
1195 2993 1201 3006 ·
1218 2954 1346 3020 domino
1360 2953 1525 3020 Willelmo
1540 2953 1679 3042 Anglico
1696 2993 1702 3005 ·
1720 2953 1862 3020 Gilberto

474 3057 634 3146 Bcllafsgo
647 3096 653 3109 ·
665 3058 797 3124 Andrea
807 3060 846 3125 de
855 3059 953 3124 Arclo
966 3097 972 3110 ·
986 3058 1123 3127 Roberto
1133 3060 1207 3126 Irek
1221 3100 1227 3113 ·
1240 3060 1394 3128 Nicholao
1404 3059 1578 3127 Hibemico
1592 3099 1598 3112 ·
1612 3060 1749 3126 Roberto
1760 3059 1863 3148 Lang-

474 3163 544 3252 leye
559 3177 592 3229 et
605 3163 682 3228 aliis.

1057 3427 1283 3503 LXXXIV.

675 3614 733 3688 ht
750 3615 867 3687 tronto
884 3621 1018 3704 quamn
1035 3611 1204 3688 collectan
1222 3615 1255 3689 tu
1268 3616 1388 3706 dnum
1406 3613 1491 3685 quta
1508 3609 1536 3684 12
1548 3615 1667 3700 fiaes.

543 3803 638 3870 Giant
652 3813 808 3889 presentes
830 3811 863 3866 et
884 3799 983 3866 firturi
1006 3801 1091 3888 quod
1105 3825 1165 3890 ego
1178 3800 1338 3867 «lohannes
1353 3801 1405 3866 del
1419 3800 1496 3866 Esse
1511 3799 1585 3865 dedi
1599 3800 1735 3867 concessi
1753 3813 1785 3866 ct
1807 3799 1865 3868 hac

564 3907 699 3998 presenti
709 3920 793 3973 carta
806 3930 878 3973 mea
891 3906 1074 3973 confirmavi
1089 3930 1145 3995 per
1158 3907 1324 3974 consilium
1338 3920 1372 3972 et
1385 3929 1540 3972 assensum
1550 3904 1649 3972 Lucie
1663 3907 1703 3973 de
1711 3906 1865 3974 Norman·

476 4019 534 4084 vill
548 4016 656 4084 uxoris
675 4039 745 4080 mee
760 4038 817 4103 pro
832 4012 931 4081 salute
945 4015 1048 4082 anime
1063 4039 1132 4081 mee
1147 4027 1179 4080 et
1190 4014 1330 4100 ejusdem
1342 4013 1441 4079 Lucie
1460 4025 1493 4078 et
1511 4025 1736 4080 antecessorum
1751 4027 1784 4080 et
1797 4038 1865 4080 suc-

477 4145 632 4190 cessorum
653 4144 794 4187 meorum
808 4120 878 4185 Deo
902 4134 934 4186 et
952 4122 1043 4188 beate
1067 4120 1168 4186 Mario
1191 4131 1223 4186 et
1246 4119 1375 4186 ecclesie
1392 4117 1545 4183 Omnium
1567 4117 1752 4185 Sanctorum
1770 4119 1866 4204 juxta

478 4226 601 4292 Dublin
622 4239 655 4290 et
676 4224 833 4290 canonicis
855 4224 975 4292 ibidem
1000 4225 1070 4291 Deo
1099 4225 1305 4292 servientibus
1324 4261 1331 4274 ·
1353 4225 1512 4292 redditum
1538 4239 1671 4310 quatuor
1695 4225 1864 4290 solidorum

479 4331 639 4399 annuatim
653 4329 903 4418 recipiendorum
917 4332 957 4398 de
970 4332 1124 4420 burgagio
1141 4332 1292 4398 Guinilde
1312 4332 1408 4397 vidue
1428 4345 1460 4396 et
1474 4331 1625 4397 heredum
1639 4354 1766 4396 suorum
1781 4331 1864 4417 quod

478 4450 586 4504 tenent
600 4437 638 4502 de
653 4460 703 4502 me
718 4436 753 4502 iu
767 4436 842 4503 ville
857 4437 896 4504 de
908 4438 1018 4527 'l'yper
1032 4439 1066 4504 in
1077 4439 1139 4506 fine
1154 4439 1293 4526 ejusdem
1309 4441 1348 4506 ud
1363 4440 1541 4530 oppositum
1558 4439 1668 4506 domus
1680 4439 1804 4505 Thome
1816 4437 1865 4504 del

1790 4545 1867 4610 Esse
