4306 5414
968 651 1012 746 89

953 896 1021 972 IV.

643 1069 715 1170 [ur
732 1093 798 1146 aaa
816 1089 1052 1150 temtaretur
1071 1078 1104 1152 tu
1123 1080 1320 1180 ulnarum]

365 1243 485 1312 Homes
501 1244 644 1334 clyfford
658 1247 748 1315 miles
762 1263 899 1316 escaetor
913 1252 1033 1319 domini
1048 1251 1145 1344 Regis
1164 1256 1328 1324 Hibemie.
1373 1257 1528 1326 Omnibus
1543 1260 1583 1327 ed
1598 1285 1675 1346 quos

382 1364 540 1439 presentes
554 1351 643 1420 litere
657 1355 858 1442 pervenerint
871 1358 1012 1425 salutem.
1043 1359 1155 1427 Sciatis
1169 1386 1225 1428 nos
1239 1363 1421 1430 mandatum
1437 1365 1556 1432 domini
1577 1366 1672 1454 Regis

282 1458 432 1545 recepisse
447 1459 480 1523 in
494 1460 553 1526 hec
569 1462 671 1528 verba.
717 1463 868 1530 Ricardus
883 1465 945 1532 Dei
960 1466 1064 1556 gracia
1078 1492 1136 1534 rex
1150 1469 1269 1559 Anglie
1289 1482 1321 1536 et
1336 1468 1466 1536 Francia
1481 1483 1514 1536 et
1527 1469 1672 1535 dominus

282 1561 436 1630 Hibernie
458 1568 606 1632 escaetori
627 1592 683 1634 suo
705 1569 859 1638 Hibernie
881 1573 1012 1641 salutem
1032 1614 1039 1628 ·
1059 1600 1133 1642 cum
1154 1602 1211 1642 nos
1232 1601 1332 1666 nuper
1351 1577 1513 1645 cercioreri
1532 1578 1671 1646 volentes

282 1694 374 1760 super
388 1675 482 1740 modo
497 1689 529 1742 et
543 1701 635 1743 causa
649 1678 805 1766 capcionis
817 1680 910 1747 unius
924 1697 1065 1750 cernente
1080 1697 1159 1751 terre
1174 1709 1247 1752 cum
1258 1685 1457 1773 pertinenciis
1467 1685 1500 1750 in
1511 1684 1670 1773 Clynturlr

282 1777 466 1845 dilectorum
485 1783 575 1848 nobis
594 1783 627 1850 in
655 1785 780 1852 Christo
803 1787 919 1855 Prioris
936 1805 969 1856 et
987 1805 1159 1858 conventus
1181 1793 1292 1859 domus
1306 1793 1459 1860 Omnium
1484 1793 1669 1860 Sanctorum

277 1884 373 1970 juxta
387 1886 509 1954 Dublin
524 1913 580 1976 per
594 1915 649 1956 vos
663 1891 698 1956 in
712 1917 839 1960 manum
859 1909 995 1962 nostram
1010 1898 1099 1965 vobis
1116 1899 1365 1966 mandaverimus
1379 1900 1464 1986 quod
1478 1923 1534 1965 nos
1548 1899 1582 1964 in
1596 1923 1669 1965 can·

280 1991 405 2059 oellaria
422 2007 526 2062 nostra
540 1996 694 2064 Hibernia
715 2023 808 2088 super
820 2003 915 2068 modo
933 2017 966 2070 et
981 2029 1075 2071 causa
1095 2005 1242 2093 predictis
1264 2005 1409 2072 distincte
1427 2020 1460 2072 et
1479 2019 1583 2094 aperte
1602 2006 1668 2072 sine

280 2097 433 2165 dilacione
458 2101 628 2168 redderetis
651 2104 809 2172 cerciores.
852 2107 904 2174 Ac
926 2132 980 2174 vos
1006 2121 1154 2196 pretextu
1179 2109 1256 2177 dicti
1280 2110 1419 2176 mandeti
1442 2110 1538 2176 nostri
1564 2136 1668 2178 coram

279 2206 368 2274 nobis
383 2206 417 2272 in
431 2208 549 2275 dictam
563 2211 778 2278 cancellariam
794 2229 929 2282 nostram
951 2216 1180 2283 retornaveritis
1202 2241 1325 2284 causam
1344 2215 1516 2305 predictam
1530 2215 1595 2282 fore
1610 2240 1667 2306 pro

279 2339 317 2382 eo
331 2315 417 2402 quod
431 2317 558 2404 quidam
569 2319 663 2386 frater
672 2320 696 2387 J
696 2321 833 2389 ohannes
845 2323 984 2413 Symcok
995 2325 1153 2412 quondam
1168 2324 1259 2391 Prior
1272 2325 1382 2390 domus
1397 2322 1536 2411 predicte
1551 2323 1667 2389 dictem

277 2441 451 2494 carucatam
466 2441 545 2494 terre
559 2453 632 2495 cum
643 2430 842 2517 pertinenciis
857 2431 1005 2499 alienavit
1013 2433 1035 2498 J
1036 2433 1152 2498 ohanni
1163 2431 1257 2498 Hunt
1270 2445 1303 2498 et
1312 2432 1334 2498 J
1336 2431 1457 2497 ohanne
1469 2429 1561 2496 uxori
1576 2429 1644 2515 ejus
1657 2468 1664 2482 ·

278 2533 454 2599 habendam
474 2534 591 2600 eisdem
605 2535 744 2601 Johenni
765 2551 797 2603 et
818 2538 963 2604 Johenne
984 2538 1152 2605 heredibus
1173 2551 1206 2605 et
1227 2536 1387 2626 assignatis
1401 2535 1498 2624 ipsius
1511 2535 1665 2602 Johennis

277 2637 509 2726 imperpetuum
525 2678 532 2696 ·
548 2639 679 2707 licencia
689 2654 792 2708 nostra
806 2666 898 2730 super
908 2643 969 2710 hoc
980 2667 1043 2710 non
1059 2656 1186 2732 optenta
1202 2681 1209 2696 ·
1225 2642 1414 2730 quequidem
1429 2655 1571 2708 carucata
1584 2655 1664 2708 terre

276 2769 349 2812 cum
370 2744 570 2833 pertinenciis
592 2746 665 2812 data
677 2746 739 2812 fuit
756 2761 788 2814 et
806 2773 950 2816 concesse
971 2749 1073 2816 Priori
1095 2763 1128 2816 et
1148 2749 1317 2816 conventui
1340 2750 1451 2814 domus
1471 2747 1609 2836 predicte
1631 2761 1664 2814 et

276 2873 385 2916 eorum
400 2851 625 2918 successoribus
639 2875 695 2940 per
709 2853 841 2920 Dermot
855 2854 929 2921 Mac
944 2855 1063 2944 Murgb
1075 2869 1146 2921 ante
1168 2870 1372 2941 conquestum
1390 2867 1470 2920 terre
1484 2865 1587 2920 nostre
1602 2852 1662 2918 Hi-

275 2956 384 3024 bernie
399 2957 433 3022 in
447 2982 558 3046 puram
573 2970 605 3024 et
619 2973 801 3048 perpetuam
816 2961 1016 3028 elemosinam
1033 2962 1266 3051 imperpetuum
1282 2999 1289 3014 ·
1305 2973 1393 3028 etex
1411 2985 1503 3027 causa
1523 2959 1663 3048 predicte

275 3064 361 3132 dieta
382 3079 525 3133 carucata
547 3079 627 3133 terre
648 3092 721 3134 oum
743 3069 942 3157 pertinenciis
963 3070 997 3134 in
1019 3095 1114 3136 manu
1132 3082 1236 3136 nostra
1255 3082 1346 3156 capta
1363 3067 1472 3134 extitit
1490 3079 1522 3132 et
1535 3065 1661 3132 scisita-

275 3193 369 3258 super
387 3195 449 3256 quo
469 3171 579 3236 Frater
588 3171 766 3238 Willelmus
786 3197 870 3238 nunc
889 3173 980 3239 Prior
1003 3173 1114 3239 domus
1135 3171 1275 3261 predicte
1298 3170 1332 3236 in
1351 3170 1461 3238 eadem
1479 3168 1661 3236 cancellaria

274 3289 379 3340 nostre
393 3276 478 3363 apud
492 3277 613 3344 Dublin
628 3280 829 3367 personaliter
847 3305 1027 3369 comparens
1049 3279 1225 3368 placitando
1245 3277 1392 3367 allegavit
1405 3277 1490 3363 quod
1505 3275 1661 3364 predictus

273 3379 434 3446 Johennes
458 3380 596 3470 Symcok
612 3383 769 3469 quondam
783 3383 873 3449 Prior
888 3384 997 3450 domus
1016 3383 1155 3472 predicte
1175 3383 1290 3448 dictam
1304 3393 1478 3447 carucatam
1493 3393 1572 3444 terre
1587 3403 1660 3446 cunr

273 3485 474 3575 pertinenciis
489 3486 580 3553 dictis
594 3487 733 3554 Johenni
748 3487 840 3553 Hunt
854 3500 887 3553 et
899 3487 921 3553 J
922 3487 1044 3554 ohanne
1064 3487 1104 3553 ed
1124 3485 1291 3553 terminum
1309 3485 1417 3550 decem
1431 3495 1463 3550 et
1477 3495 1547 3550 octo
1562 3507 1658 3548 enno·

273 3613 343 3656 rum
362 3590 481 3656 dimisit
497 3629 503 3642 ·
519 3593 635 3678 absque
650 3592 710 3658 hoc
732 3591 816 3677 quod
836 3590 970 3679 prefatus
990 3591 1150 3658 Johennes
1172 3587 1311 3678 Symcolr
1331 3588 1462 3656 eandem
1483 3602 1659 3656 emunctam

274 3705 353 3759 terre
368 3717 441 3760 oum
456 3694 655 3782 pertinenciis
669 3693 794 3782 prelatis
804 3694 826 3760 J
827 3693 942 3759 ohanni
955 3695 1048 3760 Hunt
1061 3709 1093 3761 et
1106 3695 1250 3762 Johenne
1265 3706 1358 3782 prout
1372 3718 1427 3782 per
1438 3695 1574 3762 officium
1589 3719 1658 3783 pre·

275 3799 395 3865 dictum
403 3798 591 3887 supponitur
604 3797 753 3864 alienavit
768 3835 775 3850 ·
790 3797 949 3863 offerendo
964 3798 1024 3864 hoc
1038 3797 1197 3863 verificare
1211 3807 1304 3885 prout
1313 3795 1400 3862 ouria
1411 3811 1514 3864 nostra
1528 3822 1657 3865 consue·

273 3903 339 3970 vit·
356 3904 397 3970 ad
411 3903 496 3991 quod
506 3904 528 3969 J
529 3903 665 3968 ohannes
679 3899 932 3989 Bermynghame
947 3900 1083 3966 serviens
1096 3913 1200 3966 noster
1213 3924 1269 3988 pro
1284 3899 1374 3965 nobis
1384 3899 1560 3987 placitando
1575 3900 1658 3966 dixit

273 4011 358 4098 quod
380 4010 537 4098 predictus
554 4008 713 4075 Johennes
732 4007 890 4094 quondam
911 4005 1003 4072 Prior
1024 4006 1140 4073 dictem
1165 4019 1338 4074 carucatam
1360 4020 1440 4072 terre
1466 4031 1538 4072 cum
1561 4007 1656 4095 perti·

272 4115 391 4183 nenciis
414 4115 539 4204 prelatis
557 4112 696 4180 Johenni
720 4113 813 4178 Hunt
834 4127 866 4178 et
887 4112 1032 4178 Johenne
1049 4111 1143 4177 uxori
1165 4112 1233 4198 ejus
1254 4111 1429 4178 habendam
1449 4112 1508 4178 sibi
1523 4128 1555 4178 et
1568 4113 1656 4178 here·

273 4221 365 4287 dibus
379 4221 478 4310 ipsius
492 4221 514 4286 J
515 4218 646 4285 ohannis
664 4220 757 4285 Hunt
776 4219 1007 4308 imperpetumn
1030 4219 1178 4285 alienavit
1198 4233 1291 4306 prout
1303 4225 1369 4306 'per
1383 4219 1520 4285 officium
1534 4219 1657 4306 predic·

272 4345 340 4392 turn
359 4326 568 4415 supponitur·
585 4325 742 4392 offerendo
764 4325 824 4392 hoc
846 4350 903 4414 pro
922 4326 1013 4392 nobis
1027 4325 1146 4392 scilicet
1159 4325 1318 4392 verificare
1335 4362 1342 4377 ·
1357 4340 1451 4413 prout
1472 4325 1507 4390 in
1528 4325 1655 4391 recordo

272 4447 304 4500 et
324 4455 469 4520 processu
482 4430 558 4496 inde
576 4430 609 4495 in
629 4430 718 4505 dicta
733 4431 916 4498 cancellaria
936 4446 1040 4498 nostra
1061 4430 1176 4498 habitis
1195 4443 1227 4498 et
1246 4455 1349 4498 coram
1360 4429 1534 4517 justiciario
1551 4443 1656 4496 nostro

314 4560 406 4606 rursu
421 4559 520 4606 arcu.
536 4559 601 4606 soc.
621 4561 668 4606 10.
760 4575 762 4582 ,
949 4539 980 4604 N
1501 4537 1654 4605 Hibernia
