4284 5412
1134 648 1176 710 14

526 799 700 866 Edwardus
715 800 776 867 Dei
791 803 894 890 gracia
909 803 981 869 Rex
995 804 1114 893 Anglie
1129 820 1161 871 et
1175 804 1306 871 Francis
1322 817 1355 871 et
1369 803 1513 870 dominus
1528 804 1682 872 Hibemie
1702 806 1845 872 omnibus

460 909 502 974 ad
521 935 598 996 quos
612 923 768 998 presentes
782 912 870 978 litere
885 915 1085 1002 pervenerint
1107 916 1247 982 salutem.
1291 915 1491 1003 Inspeximus
1514 929 1629 980 cartam
1645 915 1764 982 domini
1779 914 1844 978 Ed·

463 1015 560 1080 wardi
575 1040 674 1103 nuper
688 1017 770 1104 regis
790 1017 908 1104 Anglie
931 1018 982 1083 avi
1005 1020 1102 1084 nostri
1119 1021 1153 1084 in
1168 1021 1226 1086 hec
1241 1022 1343 1085 verba.
1389 1020 1563 1085 Edwardus
1578 1021 1640 1086 Dei
1655 1020 1758 1110 gracia
1773 1021 1844 1086 Rex

461 1121 579 1209 Anglie
589 1121 733 1186 dominus
743 1122 896 1190 Hibemie
907 1137 939 1189 et
949 1124 1017 1189 dux
1025 1125 1221 1211 Aquitannie
1232 1164 1239 1176 ·
1249 1125 1502 1214 Archiepisoopis
1516 1127 1669 1214 episcopis
1683 1126 1846 1192 abbatibus

463 1227 617 1315 prioribus
640 1229 805 1296 comitibus
823 1231 990 1298 baronibus
1004 1233 1185 1318 justiciariis
1207 1233 1444 1300 vicecomitibus
1466 1234 1629 1322 prepositis
1648 1234 1796 1299 ministris
1815 1247 1847 1300 et

462 1333 606 1399 omnibus
622 1335 744 1400 ballivis
764 1351 796 1401 et
810 1336 954 1403 fidelibus
969 1339 1031 1404 suis
1051 1340 1191 1404 salutem.
1236 1339 1436 1427 Inspeximus
1457 1357 1573 1406 cartam
1588 1365 1681 1426 quam
1702 1340 1845 1406 dominus

463 1437 619 1504 Hem-icus
631 1441 787 1524 quondam
798 1443 868 1508 Rex
880 1445 999 1532 Anglie
1013 1470 1146 1533 proavus
1161 1461 1264 1513 noster
1272 1447 1346 1513 fecit
1360 1447 1488 1512 ecclesie
1499 1447 1650 1513 Omnium
1661 1447 1844 1512 Sanctorum

462 1543 496 1607 in
511 1544 654 1610 orientali
669 1562 756 1635 parte
771 1549 892 1615 Dublin
903 1566 936 1616 et
946 1553 1102 1619 canonicis
1117 1554 1235 1620 ibidem
1246 1555 1316 1620 Deo
1328 1553 1533 1619 servientibus
1550 1591 1556 1604 ·
1572 1553 1606 1617 in
1617 1553 1675 1617 hec
1691 1553 1794 1617 verba.

527 1647 683 1717 Hemicus
699 1653 760 1719 Dei
781 1654 886 1742 gracia
900 1657 972 1721 Rex
987 1658 1108 1746 Anglie
1130 1659 1275 1724 dominus
1290 1659 1444 1725 Hibernie
1466 1673 1499 1726 et
1518 1661 1584 1724 dux
1602 1659 1633 1723 N
1634 1660 1793 1726 ormannie
1815 1673 1847 1726 et

463 1754 659 1839 Aquitannie
679 1770 711 1822 et
725 1781 827 1823 comes
843 1759 1030 1848 Andegavie
1046 1800 1054 1814 ·
1069 1762 1322 1850 Archiepiscopis
1336 1762 1489 1850 episcopis
1504 1762 1667 1828 abbatibus
1681 1763 1846 1828 comitibus

461 1858 629 1926 baronibus
638 1861 820 1945 justiciariis
834 1863 1070 1932 vicecomitibus
1089 1879 1121 1931 et
1135 1868 1279 1933 omnibus
1297 1867 1445 1932 ministris
1460 1883 1492 1934 et
1506 1868 1651 1934 fidelibus
1670 1870 1733 1935 suis
1748 1871 1845 1936 Fran·

461 1967 518 2033 ciis
532 1968 676 2056 Anglicis
695 1984 727 2036 et
748 1971 1008 2039 Hiberniensibus
1027 1974 1167 2038 salutem.
1213 1975 1324 2040 Sciatis
1346 1999 1397 2040 me
1413 1976 1534 2041 dedisse
1557 1987 1590 2040 et
1608 1975 1791 2041 concessisse
1814 1989 1846 2041 et

463 2074 522 2140 hac
536 2089 620 2141 carta
633 2100 703 2141 mes
716 2077 911 2143 confirmasse
926 2078 1054 2144 ecclesie
1063 2078 1214 2144 Omnium
1226 2079 1409 2144 Sanctorum
1425 2079 1457 2142 in
1473 2079 1614 2144 orientali
1629 2093 1716 2166 parte
1726 2078 1845 2145 Dublin

464 2192 496 2245 et
510 2179 665 2246 canonicis
680 2180 798 2246 ibidem
813 2181 884 2246 Deo
907 2181 1113 2246 servientibus
1127 2180 1183 2246 has
1198 2181 1292 2246 terras
1315 2181 1433 2247 scilicet
1449 2220 1455 2232 ·
1471 2181 1721 2270 Balencongalan
1738 2221 1745 2233 ·
1762 2182 1846 2246 Kan-

463 2302 532 2352 turc
543 2325 548 2338 ·
560 2287 745 2354 Duncarnao
756 2326 762 2338 ·
772 2287 980 2376 Baledubgall
991 2326 997 2339 ·
1008 2288 1220 2377 Rubanagan·
1233 2286 1433 2354 Cnoclislann
1449 2327 1455 2339 ·
1469 2289 1649 2354 Kaldronan
1667 2327 1673 2338 ·
1689 2288 1723 2352 in
1737 2311 1846 2376 perpe-

463 2407 549 2459 tuam
561 2407 593 2459 et
603 2418 712 2481 puram
726 2393 927 2460 elemosinam
938 2418 994 2481 pro
1009 2394 1107 2460 salute
1118 2393 1221 2459 anime
1235 2417 1305 2460 mee
1320 2408 1352 2460 et
1362 2407 1587 2460 antecessorum
1602 2417 1742 2460 meorum
1755 2431 1763 2446 ·
1775 2418 1846 2458 cum

463 2497 592 2564 decimis
614 2513 647 2564 et
665 2499 801 2585 antiquis
816 2500 957 2565 terminis
979 2513 1012 2565 et
1031 2500 1098 2566 aliia
1113 2501 1218 2566 liberis
1238 2501 1514 2567 consuetudinibus
1536 2501 1599 2566 suis
1615 2540 1622 2553 ·
1638 2501 1718 2566 siout
1737 2499 1847 2564 melius

463 2615 534 2666 ante
558 2601 728 2667 adventum
749 2626 856 2667 meum
875 2601 910 2667 in
925 2601 1112 2668 Hiberniam
1126 2603 1246 2669 habuit.
1290 2603 1395 2684 Quare
1417 2605 1490 2668 volo
1513 2619 1545 2670 et
1558 2604 1689 2670 firmiter
1707 2603 1846 2692 precipio

461 2706 547 2790 quod
560 2705 710 2792 prefatam
724 2706 887 2772 ecclesiam
902 2719 934 2773 et
947 2707 1111 2773 canonicos
1133 2730 1203 2771 suos
1217 2719 1250 2772 et
1264 2729 1370 2772 omnes
1392 2731 1440 2772 res
1459 2722 1492 2773 et
1505 2721 1601 2774 terras
1619 2731 1688 2773 suas
1706 2721 1846 2774 manute-

462 2811 560 2876 neatis
574 2825 607 2877 et
620 2812 800 2878 custodiatis
815 2826 847 2879 et
862 2813 1031 2901 protegatis
1046 2851 1053 2865 ·
1069 2813 1187 2878 nullam
1202 2813 1261 2879 sibi
1275 2813 1309 2878 in
1323 2815 1416 2879 rebus
1433 2813 1496 2880 suis
1510 2814 1657 2900 injuriam
1671 2815 1723 2879 vel
1737 2829 1846 2880 contu·

462 2915 588 2982 meliam
610 2915 755 2982 facientes
776 2941 834 2985 neo
858 2920 898 2984 ab
921 2917 1025 3004 aliquo
1045 2918 1112 2984 fieri
1135 2919 1357 3006 permittentes.
1403 2918 1458 2986 Set
1477 2919 1503 2984 si
1522 2919 1591 3005 quis
1610 2919 1669 2985 sibi
1688 2920 1723 2983 in
1742 2919 1846 3005 aliquo

461 3021 636 3088 forefecerit
649 3023 820 3109 plenariam
841 3025 916 3090 inde
940 3025 1006 3090 sine
1023 3024 1176 3091 dilacione
1186 3026 1344 3111 justiciam
1365 3027 1483 3093 faciatis
1500 3065 1506 3078 ·
1523 3041 1555 3092 ct
1575 3027 1759 3115 permittatis
1778 3049 1847 3116 pre·

463 3125 579 3192 dictam
593 3125 754 3192 ecclesiam
769 3127 883 3194 babere
903 3151 1009 3194 omnes
1023 3127 1176 3215 predictas
1190 3141 1284 3194 terras
1306 3143 1339 3194 et
1351 3131 1555 3217 possessiones
1570 3145 1602 3198 et
1616 3155 1722 3196 omnes
1735 3131 1847 3198 liberas

461 3243 494 3296 et
517 3228 659 3315 antiquas
687 3230 928 3296 consuetudines
950 3243 982 3297 et
999 3231 1157 3298 libertates
1179 3256 1249 3298 suas
1265 3271 1271 3284 ·
1288 3233 1367 3300 siout
1389 3234 1500 3300 melius
1524 3250 1556 3302 et
1578 3237 1701 3324 plenius
1715 3239 1848 3304 Desmot

463 3360 522 3402 rex
537 3335 675 3424 Lagcnie
681 3335 843 3432 predictas
858 3351 953 3403 terras
967 3338 1105 3425 predicte
1124 3339 1252 3406 ecclesie
1275 3355 1346 3407 ante
1369 3342 1539 3408 adventum
1562 3367 1668 3426 meum
1682 3343 1716 3408 in
1731 3343 1848 3409 Hiber-

463 3442 548 3506 niam
560 3441 689 3506 donavit
705 3480 711 3492 ·
727 3457 759 3508 et
772 3442 886 3510 liberas
900 3445 1138 3511 consuetudines
1153 3461 1184 3512 et
1194 3447 1350 3514 libertates
1372 3450 1532 3516 concessit.
1577 3450 1724 3516 Testibus
1741 3489 1747 3502 ·
1765 3450 1847 3515 Lau·

464 3547 569 3612 reneio
585 3547 705 3612 Dublin
721 3548 952 3637 archiepiscopo
969 3587 975 3600 ·
992 3550 1103 3616 Edano
1118 3552 1205 3640 Lug:
1220 3553 1365 3642 episcopo
1382 3593 1387 3606 ·
1404 3555 1443 3619 R.
1464 3555 1578 3621 comite
1594 3555 1703 3621 Destr:
1721 3594 1728 3607 ·
1744 3556 1787 3621 H.
1808 3555 1846 3620 de

464 3652 567 3741 Lasoy
583 3690 589 3703 ·
606 3653 644 3716 R.
665 3654 704 3720 de
716 3655 849 3722 Wamer
865 3694 872 3708 ·
888 3656 1026 3724 Rcberto
1045 3658 1157 3724 Poerio
1174 3697 1181 3710 ·
1197 3659 1359 3726 Willelmo
1382 3661 1564 3728 cancellario
1589 3685 1659 3728 meo
1684 3675 1717 3728 et
1740 3661 1847 3726 multis
1907 3734 1913 3742 ,

464 3757 532 3824 aliis
546 3758 631 3845 apud
645 3759 775 3825 Dublin.

528 3861 594 3927 Nos
613 3877 716 3930 autem
736 3866 940 3935 donacionem
953 3871 1182 3938 concessionem
1196 3886 1229 3938 et
1242 3873 1511 3940 confirmacionem
1526 3871 1680 3962 predictas
1697 3883 1778 3936 ratas
1791 3870 1846 3936 ha-

462 3970 571 4036 bentes
582 3983 614 4034 et
624 3985 724 4058 gratas
741 4009 747 4021 ·
763 3996 814 4037 eas
825 3998 881 4062 pro
895 3975 985 4041 nobis
1000 3991 1032 4042 et
1042 3978 1209 4044 heredibus
1224 3979 1334 4042 nostris
1348 3979 1486 4066 predicte
1501 3978 1629 4045 ecclesie
1644 3992 1677 4043 et
1691 3975 1847 4042 canonicis

463 4073 582 4140 ibidem
594 4073 663 4139 Deo
678 4076 882 4144 servientibus
904 4092 937 4145 et
954 4103 1061 4146 eorum
1083 4081 1307 4148 successoribus
1330 4083 1527 4148 concedimus
1551 4097 1583 4148 et
1605 4082 1844 4148 confirmamus·

463 4179 544 4246 sicut
557 4192 641 4245 carta
655 4182 794 4267 predicta
810 4185 1034 4252 rationabiliter
1044 4199 1182 4252 testatur.
1205 4186 1278 4251 Hiis
1292 4188 1421 4254 testibus
1432 4227 1439 4239 ·
1450 4187 1690 4254 Venerabilibus
1705 4187 1847 4277 patribus

465 4285 651 4354 RBatbon:
662 4303 695 4354 et
704 4288 846 4356 Wellen:
860 4292 918 4356 ·A.
929 4291 1124 4360 Dnnolmen:
1136 4309 1168 4362 et
1177 4293 1199 4360 J
1202 4293 1324 4360 .Elien:
1336 4295 1487 4384 episcopis
1499 4293 1673 4359 ·Willelmo
1683 4292 1847 4361 deValen-

466 4393 515 4461 cia
538 4394 693 4459 avunculo
715 4409 820 4460 nostro
836 4434 843 4449 ·
859 4396 997 4463 Henrioo
1012 4397 1052 4463 de
1067 4398 1168 4486 Lasoy
1185 4397 1299 4464 comite
1314 4398 1446 4464 Lincoln
1462 4435 1469 4448 ·
1485 4397 1622 4464 Rcberto
1637 4397 1676 4466 de
1692 4397 1824 4464 Tibotot
1840 4434 1847 4450 ·

1700 4505 1845 4572 Jobanne
