4284 5412
1153 635 1198 702 26

477 838 580 880 sorum
592 837 732 879 meorum
747 815 781 879 in
796 837 905 902 puram
921 827 953 879 et
967 827 1149 902 perpetuam
1165 814 1365 880 elemosinam
1381 811 1538 900 quandam
1553 825 1667 880 terram
1681 838 1783 882 meam
1798 839 1870 882 curn

474 919 676 1008 pertinenciis
698 917 732 983 in
756 917 905 984 suburbio
925 918 1049 983 Dublin
1070 957 1077 970 ·
1097 918 1217 985 scilicet
1235 918 1270 984 in
1286 919 1510 1008 Thengmotha
1533 920 1568 985 in
1598 922 1746 1009 parochia
1766 923 1872 991 Sancti

476 1027 605 1094 Andree
620 1027 660 1092 de
672 1025 895 1115 Thengmothe
911 1063 918 1077 ·
934 1026 1020 1092 illam
1035 1026 1184 1093 videlicet
1194 1051 1255 1113 que
1263 1027 1347 1113 jacet
1361 1027 1444 1092 inter
1457 1040 1572 1093 terram
1586 1027 1659 1093 Elie
1679 1028 1813 1094 scissoris
1828 1054 1870 1095 ex

477 1149 565 1224 parte
576 1134 762 1202 occidentali
777 1149 810 1201 et
823 1134 969 1199 extendit
979 1159 1012 1200 se
1023 1159 1121 1221 usque
1133 1136 1174 1201 ad
1185 1136 1269 1200 viam
1284 1135 1420 1224 regalem
1436 1158 1478 1200 ex
1493 1147 1581 1223 parte
1592 1134 1736 1200 orientali
1749 1149 1782 1201 et
1796 1159 1869 1202 con-

478 1241 559 1307 tinet
569 1243 604 1306 in
615 1241 781 1307 latitudine
793 1241 957 1330 sexaginta
970 1256 1003 1307 et
1014 1243 1200 1329 quindecem
1211 1243 1307 1332 pedes
1321 1257 1353 1308 et
1367 1243 1401 1307 in
1412 1241 1611 1330 longitudine
1625 1241 1742 1328 sepcies
1756 1240 1870 1329 viginti

477 1346 572 1434 pedes
589 1385 595 1398 ·
611 1346 788 1412 habendam
808 1363 840 1413 et
859 1349 1026 1416 tenendam
1042 1351 1159 1417 dietam
1174 1363 1288 1418 terram
1303 1350 1396 1417 dictis
1418 1348 1577 1417 canonicis
1599 1361 1631 1414 et
1645 1347 1869 1414 successoribus

475 1452 538 1515 suis
557 1451 592 1515 in
616 1475 726 1538 puram
750 1466 782 1517 et
804 1466 988 1540 perpetuam
1011 1453 1212 1520 elemosinam
1236 1453 1342 1539 quiete
1369 1451 1491 1541 integre
1515 1450 1653 1539 plenarie
1676 1451 1757 1517 bene
1780 1450 1868 1516 etin

476 1580 561 1645 pace.
606 1556 782 1622 Reddendo
796 1556 871 1623 inde
894 1559 1055 1624 annuatim
1072 1559 1204 1647 Symoni
1220 1559 1308 1648 King
1322 1559 1389 1625 lilio
1403 1559 1538 1626 Walteri
1555 1559 1643 1648 King
1657 1573 1689 1625 et
1701 1559 1868 1626 heredibus

475 1663 537 1727 suis
552 1662 603 1727 vel
624 1661 785 1751 assignatis
799 1661 860 1749 ipsi
883 1675 916 1727 et
938 1686 1126 1729 successores
1145 1663 1193 1728 sui
1212 1688 1312 1729 unum
1336 1687 1391 1752 par
1412 1663 1554 1730 albarum
1576 1664 1812 1753 cyrothecamm
1827 1665 1866 1731 de

477 1767 578 1855 pretio
601 1767 695 1832 unius
710 1765 829 1832 denarii
852 1766 904 1832 vel
927 1790 1027 1832 unum
1042 1766 1205 1832 denarium
1229 1767 1269 1832 ad
1283 1766 1395 1833 Natale
1410 1767 1542 1833 Domini
1555 1793 1612 1857 pro
1636 1769 1722 1833 omni
1737 1769 1867 1835 serneio

476 1874 606 1941 seculari
626 1874 790 1941 exactione
813 1886 846 1939 et
868 1872 1031 1941 demanda.
1076 1873 1120 1940 Et
1142 1899 1202 1963 ego
1220 1876 1382 1942 lohannes
1404 1889 1437 1941 et
1458 1875 1588 1942 heredes
1611 1875 1675 1941 mei
1694 1875 1866 1964 predictam

475 1992 588 2045 terram
604 1980 751 2068 predictis
765 1979 922 2047 canonicis
937 1997 969 2047 et
979 1981 1042 2046 suis
1057 1981 1283 2048 successoribus
1298 1997 1406 2049 contra
1421 2006 1527 2049 omnes
1538 1982 1680 2048 homines
1694 1995 1727 2048 et
1737 1981 1866 2047 seminas

475 2088 509 2152 in
523 2099 710 2176 perpetuum
725 2087 1004 2154 warantizabimus.
1048 2086 1093 2152 Et
1107 2101 1144 2152 ut
1157 2087 1216 2154 hec
1236 2112 1307 2153 mea
1321 2086 1453 2152 donacio
1472 2086 1628 2154 concessio
1646 2099 1678 2152 et
1693 2101 1776 2152 carte
1797 2110 1865 2152 mee

474 2194 672 2260 confirmacio
696 2195 793 2260 robur
817 2209 968 2284 perpetue
989 2195 1146 2262 firmitatis
1169 2195 1331 2261 obtineant
1351 2207 1526 2283 presentem
1549 2207 1666 2259 cartam
1689 2191 1784 2280 sigilli
1802 2191 1865 2256 mei

472 2300 673 2388 impressione
688 2299 841 2366 roboravi.
865 2299 938 2366 Hiis
949 2301 1080 2367 testibus
1091 2338 1097 2351 ·
1107 2300 1203 2365 Petro
1211 2301 1351 2366 Abraam
1362 2314 1438 2365 tunc
1449 2299 1565 2385 majore
1574 2297 1697 2364 Dublin
1708 2336 1714 2349 ·
1727 2297 1864 2386 Symone

473 2408 601 2475 Unrede
618 2446 624 2459 ·
641 2407 765 2473 Thoma
780 2401 947 2495 Wyenclre
958 2419 1033 2473 tunc
1048 2405 1213 2494 prepositis
1230 2443 1236 2456 ·
1252 2405 1415 2471 Willelmo
1430 2404 1469 2470 de
1481 2403 1602 2470 Cestria
1617 2442 1624 2454 ·
1640 2401 1809 2491 Radulpho
1824 2401 1862 2466 de

472 2513 628 2604 Wykinlo
645 2553 651 2566 ·
668 2512 838 2603 Radulpho
854 2513 893 2579 de
908 2511 1074 2579 Lincolnia
1088 2525 1121 2578 et
1134 2511 1242 2578 multis
1257 2511 1335 2578 aliis.

1010 2789 1017 2807 '
1120 2817 1210 2890 xx.

995 3005 1040 3079 {a
1057 3008 1161 3078 tantu
1178 3004 1333 3095 prumia.

538 3161 633 3228 Ciant
646 3174 803 3250 presentes
823 3177 856 3228 et
869 3163 967 3229 futuri
982 3165 1067 3251 quod
1081 3189 1141 3254 ego
1155 3165 1367 3254 Baldewynus
1382 3165 1503 3231 Gerran
1518 3163 1591 3229 dedi
1606 3163 1744 3230 concessi
1758 3177 1789 3230 et
1803 3165 1864 3230 hac

558 3269 694 3358 presenti
718 3285 803 3336 carta
825 3293 895 3336 mea
918 3272 1100 3338 confirmavi
1119 3272 1190 3338 Deo
1214 3285 1247 3338 et
1265 3271 1373 3336 domui
1392 3270 1545 3335 Omnium
1565 3268 1751 3335 Sanctorum
1766 3267 1863 3354 juxta

471 3377 596 3444 Dublin
615 3390 647 3442 et
661 3376 819 3443 canonicis
838 3375 957 3444 ibidem
972 3378 1042 3445 Deo
1057 3377 1265 3445 servientibus
1281 3415 1287 3429 ·
1304 3401 1360 3465 pro
1375 3375 1474 3442 salute
1489 3375 1592 3441 anime
1603 3399 1672 3441 mee
1683 3373 1717 3440 in
1731 3375 1862 3442 liberam

470 3498 502 3548 et
516 3493 699 3569 perpetuam
710 3479 910 3547 elemosinam
922 3481 1078 3568 quandam
1090 3496 1203 3547 terram
1214 3505 1317 3547 meam
1328 3481 1363 3545 in
1377 3480 1526 3546 suburbio
1535 3480 1658 3546 Dublin
1668 3479 1703 3544 in
1717 3479 1864 3568 parochia

473 3586 581 3653 Sancti
595 3586 725 3651 Andree
742 3623 748 3636 ·
764 3584 852 3651 illam
866 3585 1015 3652 videlicet
1029 3610 1090 3672 que
1100 3586 1187 3672 jacet
1204 3585 1288 3652 inter
1306 3599 1420 3652 terram
1444 3610 1505 3672 que
1519 3585 1580 3652 fuit
1594 3585 1727 3653 Walteri
1742 3587 1861 3652 molen·

472 3692 587 3758 dinarii
602 3715 644 3757 ex
659 3715 722 3756 una
736 3704 824 3778 parte
838 3704 871 3756 et
884 3689 1021 3780 regalem
1036 3689 1121 3755 viam
1135 3713 1178 3756 ex
1193 3703 1280 3777 parte
1295 3689 1438 3755 orientali
1453 3714 1494 3756 ex
1506 3689 1602 3756 altera
1615 3703 1702 3778 parte
1717 3705 1749 3756 et
1763 3690 1861 3756 conti-

471 3811 526 3864 net
536 3798 601 3882 [in]
615 3797 715 3861 fronte
731 3820 836 3861 versus
851 3796 958 3863 vicum
972 3821 1014 3862 ex
1028 3809 1115 3884 parte
1131 3797 1316 3864 occidentali
1330 3796 1494 3884 sexaginta
1507 3797 1602 3884 pedes
1616 3835 1622 3847 ·
1634 3811 1716 3862 retro
1730 3819 1804 3862 vero
1818 3819 1861 3861 ex

471 3919 559 3992 parte
573 3900 699 3967 australi
714 3899 845 3966 totidem
859 3900 954 3988 pedes
977 3913 1009 3967 et
1027 3901 1173 3967 extendit
1187 3925 1219 3968 se
1238 3901 1273 3967 in
1287 3901 1485 3990 longitudine
1500 3903 1617 3969 edicto
1632 3903 1702 3968 vico
1717 3919 1861 3991 exparte

472 4006 658 4076 occidentali
673 4019 781 4091 quater
795 4004 910 4092 viginti
924 4019 957 4071 et
971 4005 1079 4070 decem
1094 4005 1199 4094 pedes,

538 4111 684 4180 Concessi
699 4111 798 4176 eciam
812 4111 960 4198 predictis
975 4111 1083 4176 domui
1097 4126 1131 4178 et
1140 4113 1297 4178 canonicis
1308 4112 1464 4198 quandam
1478 4113 1571 4180 aliam
1581 4128 1694 4180 terram
1706 4138 1767 4200 que
1777 4114 1862 4200 jacet

467 4220 564 4307 juxta
574 4219 661 4284 illam
675 4217 922 4306 prenominatam
937 4241 980 4283 ex
992 4243 1058 4285 una
1071 4233 1158 4308 parte
1172 4235 1205 4286 et
1218 4233 1404 4308 terramque
1417 4219 1608 4290 suitAbbod
1622 4223 1661 4288 de
1676 4217 1804 4288 Lodene
1819 4239 1862 4288 ex

471 4329 567 4395 altera
585 4340 619 4394 et
631 4325 772 4393 continet
790 4324 825 4389 in
844 4323 945 4391 fronte
960 4349 1066 4393 versus
1080 4327 1186 4393 vicum
1200 4351 1243 4394 ex
1257 4341 1345 4417 parte
1366 4329 1509 4396 orientali
1524 4329 1729 4418 quadraginta
1743 4327 1838 4417 pedes
1854 4365 1861 4382 ·

471 4445 554 4498 retro
573 4455 648 4498 vero
662 4430 792 4520 triginta
813 4443 845 4497 et
859 4431 998 4520 quinque
1013 4433 1110 4522 pedes
1131 4449 1164 4501 et
1185 4436 1331 4503 extendit
1345 4461 1377 4504 se
1389 4436 1423 4501 in
1438 4437 1635 4526 longitudine
1658 4461 1677 4502 a
1691 4437 1776 4504 dicto
1789 4435 1861 4501 vico

1813 4567 1859 4610 ex
