4284 5412
928 642 973 716 75

256 803 332 868 Esse
351 827 424 870 cum
439 803 536 868 fundo
551 803 634 870 dicte
647 801 798 870 Guinilde
818 800 1014 868 etheredum
1029 823 1163 866 suorum.
1208 799 1258 863 Ita
1271 798 1356 884 quod
1370 797 1485 863 fundus
1503 795 1641 884 ipsorum

255 933 326 976 cum
342 910 494 999 burgagio
509 923 541 976 ct
551 923 631 976 terra
644 909 679 974 in
693 933 803 997 campo
818 933 888 974 meo
897 908 936 974 de
950 909 1059 996 Typer
1072 906 1213 973 continet
1227 918 1359 992 quatuor
1374 927 1457 970 acras
1473 902 1512 967 de
1527 899 1640 986 quibus

256 1017 441 1104 provenient
447 1017 515 1103 jam
530 1016 606 1082 dicti
619 1031 752 1102 quatuor
765 1015 855 1081 solidi
870 1013 1064 1103 percipiendi
1080 1039 1099 1078 a
1113 1011 1252 1100 predicta
1264 1009 1416 1075 Guinilda
1429 1023 1462 1074 et
1475 1006 1642 1073 heredibus

257 1121 297 1186 ad
311 1122 389 1186 duos
403 1121 551 1187 terminos
566 1119 640 1185 anni
656 1157 663 1172 ·
679 1119 797 1186 scilicet
810 1119 1010 1184 medietatem
1034 1117 1073 1183 ad
1088 1117 1186 1182 Pasce
1205 1130 1237 1181 et
1256 1115 1455 1181 medietatem
1475 1115 1515 1180 ad
1529 1114 1642 1179 festum

259 1229 365 1296 Sancti
381 1229 545 1294 Michaelis
561 1267 568 1280 ·
584 1228 745 1295 Prefatum
769 1227 928 1293 redditum
950 1240 1083 1312 quatuor
1107 1224 1277 1290 solidorum
1302 1223 1419 1288 eisdem
1438 1220 1595 1288 canonicis
1609 1219 1643 1284 in

258 1359 367 1424 puram
382 1351 414 1402 ct
428 1352 609 1426 perpetuam
624 1337 823 1402 elemosinam
838 1336 960 1425 assigno
974 1336 1008 1400 in
1018 1348 1205 1422 perpetuum
1218 1371 1225 1384 ·
1237 1331 1417 1397 habendum
1428 1344 1460 1396 et
1473 1329 1643 1395 tenendum

258 1444 335 1510 adeo
349 1445 446 1511 libere
461 1459 497 1510 ut
515 1445 614 1512 libera
627 1445 795 1512 elemosina
809 1444 937 1511 liberius
951 1458 983 1509 et
998 1443 1119 1531 plenius
1139 1440 1215 1506 viris
1236 1437 1388 1506 catholice
1403 1435 1562 1525 religionis
1576 1432 1643 1500 dari

259 1552 363 1638 possit.
408 1553 452 1617 Et
465 1577 524 1640 ego
535 1552 694 1620 lohannes
708 1566 740 1618 et
754 1552 882 1618 heredes
897 1551 959 1618 mei
973 1564 1044 1641 post
1057 1575 1108 1616 me
1123 1549 1280 1616 redditum
1297 1545 1547 1635 prenominatum
1561 1541 1645 1607 dicte

259 1659 369 1725 domus
384 1661 540 1726 canonicis
554 1675 661 1726 contra
675 1685 781 1726 omnes
795 1659 937 1726 homines
956 1658 1225 1725 warentizabimus
1239 1654 1319 1721 etin
1339 1651 1483 1719 omnibus
1498 1648 1645 1715 defende·

259 1790 327 1831 mus
342 1765 434 1832 sicuti
449 1767 539 1832 decet
558 1767 687 1833 liberam
702 1767 911 1832 elemosinam.
955 1767 1001 1833 Ut
1016 1779 1120 1831 autem
1135 1764 1193 1828 hec
1208 1785 1278 1828 mea
1292 1758 1423 1825 donacio
1442 1755 1598 1824 concessio
1613 1767 1645 1819 et

259 1871 456 1938 confirmacio
470 1874 504 1938 in
519 1873 745 1960 presenciarum
760 1889 826 1940 rata
841 1887 1041 1961 permancant
1052 1872 1128 1938 etin
1142 1884 1299 1958 posterum
1314 1867 1496 1932 inconcussa
1510 1863 1645 1928 habean-

259 1987 311 2038 tur
325 1976 460 2062 presenti
474 1976 589 2063 scripto
604 1975 741 2064 sigillum
756 2000 860 2042 meum
875 1975 935 2041 feci
951 1975 1075 2064 apponi.
1120 1973 1193 2038 Hiis
1207 1972 1353 2038 testibus·
1365 1968 1647 2035 domincJohanne

261 2079 327 2145 filio
342 2081 470 2146 Ricardi
486 2081 668 2148 ·Willelmo
687 2105 817 2169 parsona
837 2081 876 2147 de
893 2081 1032 2146 Fornath
1049 2120 1055 2132 ·
1072 2080 1212 2144 Henrico
1232 2078 1297 2142 filio
1315 2075 1409 2142 Helie
1427 2113 1433 2126 ·
1450 2073 1589 2140 Henrico
1608 2074 1647 2139 dc

262 2185 390 2252 Bacoun
407 2224 413 2239 ·
431 2187 554 2254 Thoma
569 2188 608 2254 dc
624 2187 766 2276 Kenefcg
781 2188 924 2254 Oradoch
942 2227 948 2240 ·
964 2189 1103 2256 Roberto
1118 2188 1156 2254 de
1172 2187 1316 2252 Warduu
1331 2198 1363 2252 et
1377 2185 1453 2250 aliis.

852 2557 1055 2632 LXXXV.

615 2743 672 2818 mr
689 2745 806 2816 nttttu
824 2747 907 2836 aaut
923 2742 1086 2832 statanor
1106 2745 1139 2818 ta
1158 2745 1291 2832 Μυῖα.

330 2932 424 2999 Ciant
446 2944 601 3020 presentes
624 2943 656 2996 et
674 2931 771 2997 suturi
787 2932 871 3018 quod
890 2957 949 3022 ego
962 2933 1122 2999 «lohannes
1141 2933 1171 2998 le
1185 2934 1282 3022 Petyt
1296 2933 1369 2999 dedi
1384 2931 1518 3000 concessi
1541 2945 1573 2998 et
1591 2931 1650 2996 hac

350 3037 486 3127 presenti
497 3051 581 3104 carta
594 3061 663 3103 mea
677 3039 858 3105 confirmavi
870 3039 971 3105 Priori
982 3052 1014 3105 et
1024 3038 1193 3105 conventui
1202 3038 1353 3105 Omnium
1368 3040 1551 3106 Sanctomm
1561 3038 1651 3104 Dub-

265 3145 310 3210 lin
324 3160 438 3211 terram
461 3167 562 3208 meam
582 3157 722 3207 vocatam
738 3141 887 3231 Balyoros
910 3167 982 3210 cum
1005 3144 1150 3209 omnibus
1172 3143 1372 3233 pertinenciis
1396 3145 1458 3210 suis
1480 3145 1561 3210 sicut
1583 3167 1651 3209 eam

264 3249 375 3315 melius
389 3265 421 3314 et
434 3248 556 3336 plenius
571 3273 720 3335 umquam
735 3251 821 3315 tenui
839 3289 845 3303 ·
862 3277 934 3317 oum
953 3253 1078 3318 redditu
1097 3267 1129 3318 et
1147 3253 1278 3318 servicio
1292 3253 1404 3319 wardis
1426 3267 1459 3318 et
1473 3251 1605 3318 eskeatis
1619 3265 1651 3316 et

267 3376 338 3418 cum
362 3351 506 3417 omnibus
525 3351 593 3416 aliie
607 3375 668 3438 que
683 3352 722 3417 de
742 3354 850 3418 eadem
864 3368 946 3419 terra
964 3354 1102 3420 accidere
1117 3370 1264 3442 poterunt
1279 3393 1286 3408 ·
1301 3356 1478 3422 habendam
1497 3370 1529 3422 ct
1542 3368 1651 3421 tenen·

267 3459 338 3525 dam
353 3459 392 3524 de
407 3483 457 3523 me
472 3472 504 3523 et
517 3457 684 3523 heredibus
707 3457 785 3522 meis
804 3458 864 3522 sibi
882 3457 934 3523 vel
952 3458 1113 3546 assignatis
1135 3460 1197 3522 suis
1216 3459 1250 3522 in
1264 3459 1355 3525 seodo
1378 3474 1410 3525 et
1430 3460 1602 3526 hereditate
1617 3459 1651 3524 in

266 3586 450 3660 perpetuum
461 3569 558 3636 libere
573 3569 677 3655 quiete
686 3569 766 3634 bene
780 3583 812 3634 et
827 3567 860 3633 in
875 3593 950 3656 pace
962 3569 1053 3657 plene
1062 3570 1182 3659 integre
1197 3586 1230 3636 et
1240 3569 1409 3637 honorifice
1419 3610 1426 3623 ·
1436 3573 1476 3638 In
1487 3572 1652 3639 dominicis

266 3678 300 3742 in
314 3677 409 3766 pratis
424 3677 457 3741 in
472 3675 593 3764 pascuis
604 3690 636 3740 et
650 3677 781 3763 pasturis
792 3677 825 3741 in
840 3677 934 3741 moris
948 3692 980 3742 et
994 3679 1130 3745 mariscis
1144 3680 1178 3744 in
1193 3679 1280 3765 aquis
1295 3680 1410 3767 stagnis
1425 3693 1457 3746 et
1467 3680 1653 3746 molendinis

266 3785 300 3850 in
314 3783 415 3850 boscis
435 3796 467 3849 et
490 3780 589 3870 planis
611 3781 646 3846 in
669 3783 813 3848 omnibus
836 3783 904 3849 aliis
917 3783 1112 3851 libertatibus
1134 3801 1166 3852 et
1184 3785 1290 3852 liboris
1313 3785 1589 3854 consuetudinibus
1612 3788 1653 3853 ad

268 3891 384 3958 dictam
399 3903 511 3954 terram
526 3886 760 3975 pertinentibus.

332 3993 506 4062 Reddendo
521 3993 594 4058 inde
614 3991 773 4057 annuatim
788 3989 847 4078 ipsi
862 3989 913 4054 vel
928 3989 1073 4080 assignati
1092 3991 1139 4056 sui
1161 3990 1238 4056 mihi
1254 4005 1286 4058 et
1304 3992 1472 4060 heredibus
1493 3994 1572 4060 meis
1594 4017 1651 4060 sex

268 4127 384 4171 marcas
407 4099 526 4189 argenti
541 4099 581 4164 ad
596 4099 673 4164 duos
693 4097 766 4163 armi
780 4097 928 4163 terminos
944 4135 951 4149 ·
966 4098 1085 4163 scilicet
1099 4097 1297 4164 medietatem
1318 4099 1357 4164 ad
1371 4099 1484 4166 festum
1499 4099 1652 4165 Omnium

271 4207 455 4274 Sanctorum
470 4217 502 4270 et
516 4204 607 4270 aliam
627 4203 826 4270 medietatem
846 4205 886 4270 ad
904 4204 1017 4270 festum
1038 4205 1247 4293 apostolorum
1262 4205 1403 4294 Philippi
1418 4219 1451 4273 et
1468 4206 1579 4273 Jacobi
1594 4229 1651 4294 pro

269 4312 354 4379 omni
369 4311 500 4377 servicio
514 4309 677 4376 exactione
692 4324 724 4376 et
737 4311 891 4377 demanda
905 4311 945 4377 ad
959 4335 1009 4377 me
1025 4312 1076 4377 vel
1086 4311 1215 4378 heredes
1230 4335 1315 4378 meos
1329 4312 1511 4401 pertinente.
1558 4311 1653 4378 Salvo

268 4416 399 4484 servicio
414 4413 565 4482 forinseco
579 4437 652 4481 oum
667 4414 806 4482 evenerit
820 4415 860 4482 ad
874 4415 990 4483 dictam
1004 4431 1118 4500 terram
1133 4431 1299 4506 spectante.

936 4522 999 4588 L2
1582 4526 1653 4616 Ego
