4284 5412
1153 591 1199 676 64

1114 879 1236 951 LXX.

867 1065 938 1164 [Bt
956 1066 1112 1140 solutura
1130 1066 1266 1156 quaqua
1283 1061 1480 1159 saluatum]

581 1258 719 1326 Niversis
735 1255 852 1322 Christi
867 1255 1013 1320 fidelibus
1029 1254 1217 1340 adquorum
1236 1251 1384 1316 noticiam
1398 1264 1554 1338 presentes
1569 1250 1658 1315 litere
1672 1250 1870 1337 pervenerint

602 1364 780 1427 Bertramus
795 1359 834 1423 de
848 1358 879 1423 la
896 1357 977 1423 Feld
992 1357 1123 1423 salutem
1146 1357 1180 1420 in
1197 1358 1335 1423 Domino
1352 1397 1358 1408 ·
1374 1358 1430 1422 Ad
1444 1357 1654 1432 universitatis
1669 1371 1769 1421 vestre
1788 1357 1870 1420 noti-

484 1473 564 1537 ciam
579 1468 651 1532 volo
666 1463 829 1553 pervenire
851 1487 902 1527 me
922 1486 979 1550 pro
1000 1486 1051 1527 me
1073 1474 1105 1526 et
1118 1461 1285 1529 heredibus
1305 1462 1383 1528 meis
1396 1463 1495 1526 teneri
1515 1463 1549 1526 in
1562 1477 1749 1550 perpetuum
1764 1461 1871 1526 domui

485 1576 637 1643 Omnium
654 1572 837 1639 Sanctorum
857 1570 953 1656 juxta
976 1568 1098 1634 Dublin
1121 1569 1161 1634 ad
1184 1569 1374 1635 solucionem
1398 1568 1535 1654 quinque
1559 1567 1729 1633 solidorum
1752 1566 1871 1654 argenti

485 1682 645 1751 annuatim
660 1678 878 1744 solvendorum
894 1678 933 1742 ad
948 1678 1025 1742 duos
1040 1677 1114 1742 anni
1129 1677 1276 1742 terminos
1293 1716 1300 1728 ·
1316 1676 1515 1743 medietatem
1530 1674 1649 1741 scilicet
1662 1673 1742 1737 infra
1756 1672 1870 1737 Pente·

484 1805 590 1856 costen
604 1802 636 1853 et
650 1787 742 1853 aliam
755 1785 954 1850 medietatem
971 1786 1010 1850 ad
1025 1785 1138 1850 festum
1153 1785 1306 1850 Omnium
1323 1784 1506 1850 Sanctorum
1521 1806 1578 1870 pro
1593 1795 1674 1846 terra
1689 1777 1822 1864 quadam
1837 1777 1870 1840 in

485 1905 661 1960 tenemento
685 1914 754 1954 meo
769 1912 862 1973 quam
879 1887 918 1952 de
933 1887 1072 1975 predicta
1087 1887 1180 1952 domo
1195 1899 1286 1953 teneo
1301 1887 1397 1952 michi
1412 1900 1445 1952 et
1458 1886 1624 1952 heredibus
1647 1885 1724 1949 meis
1741 1922 1747 1934 ·
1763 1906 1870 1969 quam-

485 1997 612 2084 quidem
623 2007 733 2060 terrem
744 1993 902 2081 Margeria
912 1994 952 2058 de
966 1994 1141 2060 Sarnesfeld
1156 1995 1244 2061 dedit
1258 1995 1397 2083 predicte
1406 1994 1514 2059 domui
1523 1993 1676 2058 Omnium
1687 1992 1870 2057 Sanctorum

484 2103 518 2165 in
532 2113 714 2187 perpetuam
729 2098 941 2165 elemosinam.

549 2205 592 2269 Et
611 2203 745 2269 adhunc
768 2203 958 2268 solucionem
976 2204 1116 2270 terminis
1140 2206 1262 2270 statutis
1285 2207 1351 2272 sine
1369 2206 1510 2272 ulteriori
1524 2204 1678 2270 dilacione
1698 2203 1870 2270 faciendam

485 2308 620 2396 presenti
633 2308 748 2396 scripto
760 2331 809 2373 me
824 2320 857 2373 et
866 2308 994 2373 heredes
1005 2331 1090 2373 meos
1102 2308 1135 2372 in
1144 2323 1331 2397 perpetuum
1342 2310 1448 2401 obligo
1462 2309 1614 2397 corporali
1629 2309 1758 2396 prestito
1772 2333 1869 2375 sacre·

485 2429 598 2481 mento.
643 2413 727 2479 Volo
742 2414 840 2479 eciam
855 2413 1100 2478 nichilhominus
1115 2427 1147 2480 et
1166 2416 1303 2481 concedo
1318 2440 1374 2503 pro
1394 2441 1444 2482 me
1463 2430 1495 2481 et
1509 2415 1675 2482 heredibus
1694 2416 1772 2481 meis
1786 2416 1871 2502 quod

486 2521 512 2585 si
527 2521 560 2584 in
582 2518 740 2584 solucione
761 2517 893 2602 alicujus
913 2516 1039 2582 termini
1061 2540 1120 2604 ego
1142 2515 1193 2581 vel
1207 2516 1335 2584 heredes
1357 2518 1419 2583 mei
1441 2517 1683 2584 cessaverimus·
1700 2517 1784 2605 quod
1805 2517 1871 2583 sine

485 2626 624 2712 qualibet
645 2625 890 2692 contradictione
910 2624 1003 2690 liceat
1021 2624 1178 2691 canonicis
1201 2626 1341 2714 predicte
1358 2627 1469 2691 domus
1496 2626 1600 2692 narnia
1619 2649 1814 2712 quecumque
1837 2625 1871 2689 in

484 2729 624 2817 predicto
639 2741 816 2794 tenemento
830 2752 901 2793 meo
920 2727 1037 2793 fuerint
1052 2727 1179 2793 inventa
1201 2753 1311 2817 capere
1334 2743 1366 2795 et
1385 2730 1472 2795 nullo
1488 2732 1628 2796 obstante
1650 2730 1808 2796 obstaculo
1831 2731 1871 2796 ad

485 2834 647 2923 grangiam
671 2857 757 2898 suam
773 2833 812 2898 de
827 2832 1065 2922 Balycougglan
1081 2833 1193 2898 ducere
1208 2848 1241 2900 ct
1261 2836 1394 2901 retinere
1409 2835 1508 2902 donec
1523 2836 1562 2902 de
1584 2835 1725 2923 predicto
1747 2835 1871 2900 redditu

485 2938 529 3002 eis
543 2937 638 3003 fiterit
651 2937 743 3024 plene
764 2937 962 3002 satisfactum.
1006 2936 1046 3001 In
1069 2937 1158 3022 cujus
1181 2938 1227 3002 rei
1241 2939 1454 3006 testimonium
1473 2954 1630 3030 presentes
1644 2942 1747 3008 literas
1769 2941 1872 3031 sigillo

485 3066 555 3107 meo
570 3040 718 3130 sigillatas
732 3039 871 3129 predicte
886 3040 993 3105 domui
1008 3040 1068 3107 seci
1082 3053 1231 3127 patentes.
1276 3043 1395 3108 Datum
1409 3043 1444 3108 in
1463 3044 1596 3110 crastino
1613 3044 1720 3113 Sancti
1734 3045 1870 3110 Dionisii

486 3172 567 3214 anno
581 3144 671 3236 regni
685 3146 767 3236 regis
781 3145 913 3211 Henrici
929 3146 1173 3235 quadragesimo.

1102 3489 1245 3562 LXXI.

787 3670 1132 3749 destituerentur
1150 3674 1227 3747 ltbtr
1244 3693 1304 3748 tm
1322 3679 1405 3768 aput
1423 3675 1562 3750 bertot.

581 3857 719 3925 Niversis
734 3859 852 3926 Christi
866 3860 1011 3928 fidelibus
1026 3861 1066 3927 ad
1081 3886 1213 3949 quorum
1233 3862 1381 3928 noticiam
1394 3873 1551 3949 presentes
1564 3860 1654 3926 litere
1668 3862 1866 3948 pervenerint

603 3967 781 4032 Bertremus
790 3966 829 4032 de
837 3967 868 4032 la
877 3967 958 4033 Feld
969 3967 1100 4034 salutem
1110 3969 1144 4032 in
1156 3968 1293 4033 domino.
1317 3966 1373 4032 Ad
1382 3966 1593 4032 universitatis
1608 3982 1708 4035 vestre
1722 3970 1869 4037 noticiam

485 4074 557 4139 volo
571 4071 734 4161 pervenire
748 4096 799 4139 me
813 4095 870 4160 pro
884 4097 935 4139 me
957 4085 989 4138 et
1002 4073 1131 4140 heredes
1152 4097 1237 4140 meos
1251 4072 1352 4140 teneri
1365 4073 1495 4162 singul‘u
1517 4072 1605 4138 annis
1627 4074 1667 4138 ad
1681 4075 1870 4143 solucionem

485 4178 577 4244 unius
591 4177 670 4242 libre
685 4199 754 4241 cere
768 4175 948 4243 solvendam
962 4177 1124 4243 annuatim
1138 4177 1172 4242 in
1187 4178 1297 4266 vigilia
1306 4177 1459 4243 Omnium
1470 4177 1654 4244 Sanctorum
1668 4178 1778 4246 domui
1793 4181 1870 4248 Om-

485 4287 574 4350 nium
595 4282 779 4349 Sanctorum
798 4281 894 4367 juxta
913 4281 1036 4347 Dublin
1061 4319 1068 4333 ·
1098 4305 1234 4347 unacum
1259 4281 1399 4368 quinque
1424 4280 1530 4347 solidis
1555 4281 1711 4350 solvendis
1734 4285 1815 4352 sicut
1836 4285 1871 4352 in

484 4393 690 4458 instrumento
705 4412 724 4454 a
737 4410 788 4454 me
803 4409 894 4474 super
901 4385 963 4452 hoc
973 4385 1114 4453 confecto
1129 4385 1306 4452 continetur
1318 4424 1325 4436 ·
1337 4409 1394 4474 pro
1410 4385 1544 4473 quadam
1554 4398 1635 4453 terra
1648 4386 1683 4453 in
1693 4401 1870 4456 tenemento

1800 4517 1871 4559 meo
