4284 5412
965 649 1008 740 1

286 824 490 914 quadraginta
504 825 610 890 solidis
625 825 746 914 argenti
755 839 787 892 et
801 852 865 894 una
872 827 952 894 libra
967 828 1082 917 piperis
1097 827 1244 917 predictis
1256 825 1357 893 Priori
1372 837 1404 891 et
1418 823 1588 890 conventui
1597 847 1673 908 quo-

286 928 361 995 libet
375 954 457 996 anno
472 931 684 998 solvendis-ac
694 933 733 1000 de
743 933 923 1002 dimissione
932 935 1021 1002 firme
1036 936 1176 1024 predicte
1191 949 1264 1001 sunt
1275 935 1379 1001 afesto
1392 932 1499 1000 Sancti
1510 930 1674 997 Michaelis

285 1059 364 1100 anno
379 1035 510 1100 Domini
525 1035 689 1102 millesimo
704 1061 739 1104 cc
754 1038 955 1128 nonagesimo
970 1053 1081 1108 octavo
1096 1041 1303 1130 quadraginta
1317 1039 1390 1106 anni
1404 1037 1511 1104 futuri.

348 1138 506 1206 Noveritis
520 1163 571 1206 me
586 1140 761 1227 predictum
771 1141 944 1208 Robertum
953 1143 1064 1232 Bagod
1078 1144 1179 1210 filiurn
1191 1159 1223 1212 et
1233 1145 1380 1210 heredem
1395 1141 1527 1229 predicti
1543 1139 1673 1206 Roberti

287 1270 340 1333 pro
354 1269 405 1310 me
420 1259 453 1311 et
466 1245 633 1312 heredibus
646 1246 723 1312 meis
738 1270 794 1335 pro
810 1249 944 1334 quadam
959 1250 1091 1338 pecunie
1103 1275 1224 1316 summa
1238 1275 1332 1337 quam
1347 1247 1503 1314 Henrieus
1518 1247 1557 1312 de
1566 1245 1673 1312 Wala-

288 1363 339 1412 ton
360 1347 491 1414 clericus
506 1348 557 1414 die
580 1349 783 1415 consectionis
806 1351 913 1439 scripti
933 1353 1083 1440 presentis
1106 1354 1186 1418 mihi
1201 1354 1290 1420 dedit
1303 1367 1336 1420 et
1350 1351 1444 1418 solvit
1458 1375 1513 1440 pre
1532 1351 1676 1417 manibus

286 1453 446 1520 tradidisse
464 1467 497 1520 11
510 1453 694 1520 concessisse
709 1455 812 1520 eidem
827 1455 967 1522 Henrico
989 1471 1021 1522 et
1034 1457 1202 1525 heredibus
1223 1459 1286 1524 suis
1301 1458 1455 1547 predictas
1470 1457 1674 1545 quadraginta

287 1583 367 1625 acras
382 1573 462 1624 terne
477 1583 550 1625 cum
565 1559 709 1626 omnibus
720 1560 922 1648 pertinenciis
937 1561 1000 1626 suis
1014 1561 1048 1626 in
1063 1575 1242 1628 tenemento
1253 1564 1291 1628 de
1307 1561 1526 1628 Donenalbroc
1543 1600 1549 1614 ·
1566 1574 1673 1628 tenen-

285 1665 336 1731 das
350 1679 383 1732 et
396 1665 554 1731 habendas
576 1665 716 1753 predicto
732 1666 872 1732 Henrico
894 1679 926 1733 et
940 1667 1107 1735 heredibus
1122 1669 1185 1734 suis
1199 1669 1239 1735 de
1251 1668 1398 1757 predictis
1413 1668 1522 1734 Priore
1544 1681 1577 1734 et
1599 1692 1672 1734 con-

285 1785 379 1837 ventu
391 1770 543 1838 Omnium
557 1771 742 1840 Sanctorum
756 1787 789 1840 et
802 1775 1027 1842 successoribus
1038 1775 1101 1840 suis
1116 1777 1156 1841 ed
1171 1789 1272 1842 totum
1284 1775 1454 1841 terminum
1468 1773 1674 1863 quadraginta

229 1915 240 1932 ·
286 1901 435 1943 annorum
454 1878 665 1966 predictorum
684 1878 765 1945 sicut
784 1881 959 1968 predictum
979 1895 1025 1948 est
1039 1881 1216 1948 futurorum
1230 1881 1328 1948 libere
1348 1881 1452 1968 quiete
1471 1881 1593 1970 integre
1608 1881 1674 1969 ple-

286 1984 369 2050 narie
384 1983 464 2050 etin
478 2008 564 2072 pace.

347 2090 521 2156 Reddendo
536 2089 609 2156 inde
629 2089 790 2156 annuatim
805 2090 952 2178 predictis
966 2091 1068 2157 Priori
1083 2103 1115 2157 et
1129 2090 1299 2158 conventui
1314 2103 1346 2156 11
1365 2092 1591 2159 successoribus
1611 2093 1673 2158 suis

285 2195 438 2282 predictos
453 2194 658 2282 quadraginta
672 2194 786 2259 solidos
801 2209 834 2260 11
846 2196 1019 2283 predictam
1032 2197 1144 2263 libram
1159 2197 1275 2286 piperis
1292 2197 1459 2264 ·videlicet
1474 2199 1588 2288 viginti
1602 2201 1673 2267 soli·

286 2300 338 2364 dos
353 2300 393 2365 ad
413 2323 504 2388 pasca
517 2312 550 2364 et
564 2298 679 2387 viginti
694 2298 807 2364 solidos
828 2299 868 2364 ad
882 2299 995 2366 festum
1011 2300 1118 2367 Sancti
1134 2301 1299 2368 Michaelis
1322 2315 1354 2368 et
1373 2304 1546 2392 predictam
1560 2305 1672 2372 libram

286 2409 400 2496 piperis
414 2410 454 2474 nd
465 2410 562 2475 Pasca
576 2431 633 2496 pro
648 2407 792 2474 omnibus
807 2407 944 2475 serviciis
959 2409 1148 2476 secularibus
1163 2410 1254 2477 sectis
1268 2410 1425 2476 curiarum
1440 2411 1671 2476 consuetudini-

285 2517 341 2580 bus
356 2515 574 2582 exactionibus
588 2525 621 2579 et
635 2511 797 2578 demendis
815 2512 1005 2580 secularibus
1021 2552 1028 2566 ·
1044 2513 1271 2601 proutrmelius
1295 2527 1327 2580 et
1345 2514 1474 2580 liberius
1496 2514 1674 2581 continetur

284 2619 316 2684 in
329 2619 420 2686 litera
434 2620 645 2708 predictorum
658 2619 776 2685 Prioris
791 2633 823 2685 et
833 2634 1005 2686 conventus
1020 2620 1059 2686 de
1074 2621 1234 2686 communi
1249 2621 1351 2710 sigillo
1366 2645 1422 2686 suo
1437 2621 1576 2708 predicto
1591 2621 1672 2708 patri

284 2753 351 2795 meo
366 2730 406 2796 de
421 2729 554 2796 termino
574 2727 713 2816 predicto
728 2726 809 2792 facta
823 2751 918 2812 quam
933 2726 1073 2814 predicto
1089 2727 1229 2793 Henrico
1243 2727 1423 2794 deliberavi.
1469 2729 1508 2792 In
1522 2727 1611 2814 cujus
1625 2728 1670 2792 rei

284 2835 495 2900 testimonium
516 2833 590 2900 huic
613 2833 728 2920 scripto
751 2831 890 2921 sigillum
911 2856 1017 2898 meum
1043 2832 1182 2920 apposui.
1226 2833 1345 2899 Datum
1365 2832 1488 2899 Dublin
1513 2847 1602 2898 sexto
1620 2833 1670 2898 die

286 2937 445 3006 Februarii
460 2964 542 3007 anno
557 2939 687 3005 Domini
702 2939 867 3005 millesimo
882 2965 917 3007 co
932 2940 1133 3028 nonagesimo
1147 2955 1266 3007 octavo.

866 3267 1090 3362 nxxvnr

685 3474 745 3548 Bt
760 3493 845 3564 aqna
859 3477 896 3546 11
911 3474 1028 3564 motor
1042 3478 1191 3563 1111111,
1210 3479 1263 3547 tct.

375 3661 448 3726 Nno
463 3661 552 3750 regni
566 3661 648 3750 regis
660 3661 810 3728 Edwardi
824 3663 979 3728 tricesimo
994 3663 1105 3748 quinto
1119 3663 1154 3728 in
1168 3662 1279 3751 vigilia
1295 3659 1403 3728 Sancti
1417 3660 1547 3749 Georgii
1562 3665 1668 3730 mani·

393 3768 438 3833 ris
452 3767 497 3834 ita
516 3767 664 3834 convenit
676 3767 760 3834 inter
773 3767 914 3834 Priorem
933 3781 965 3834 et
984 3782 1175 3835 conventum
1189 3768 1299 3833 domus
1314 3765 1466 3833 Omnium
1483 3765 1667 3832 Sanctorum

279 3869 372 3956 juxta
386 3869 508 3937 Dublin
530 3895 573 3936 ex
595 3893 659 3936 una
680 3883 768 3958 parte
790 3885 823 3936 et
842 3870 1005 3936 dominum
1020 3871 1194 3938 Robertum
1209 3872 1311 3960 Bagot
1325 3894 1367 3936 ex
1387 3870 1483 3937 altera
1499 3909 1505 3922 ·
1521 3871 1669 3938 videlicet

283 3977 366 4060 quod
379 3977 537 4066 predictus
548 3977 703 4044 Robertus
717 4001 774 4066 pro
789 4001 821 4044 se
835 3991 868 4044 et
881 3977 1048 4045 heredibus
1062 3979 1125 4044 suis
1139 3978 1290 4044 concessit
1303 3977 1421 4044 eisdem
1432 3976 1534 4042 Priori
1549 3989 1581 4044 11
1594 4002 1668 4043 con·

282 4087 388 4153 ventui
403 4101 556 4154 eteorum
571 4085 795 4154 suecessoribus
809 4085 940 4154 liberam
954 4085 1039 4152 viam
1053 4100 1086 4152 et
1095 4082 1258 4151 licenciam
1273 4081 1416 4149 trahendi
1430 4095 1464 4148 et
1473 4083 1668 4150 conducendi

282 4217 392 4280 squam
407 4193 446 4260 de
461 4193 573 4282 Dodyr
587 4215 643 4281 per
656 4191 792 4260 mediam
808 4205 921 4260 terram
939 4217 1027 4260 111111
1042 4206 1074 4258 11
1093 4204 1306 4258 tenementum
1321 4213 1412 4258 suurn
1427 4189 1466 4254 de
1481 4188 1566 4254 Rath
1578 4227 1585 4240 ·
1597 4189 1666 4255 ubi-

280 4327 413 4390 cumque
427 4315 460 4368 et
473 4325 529 4389 per
540 4323 768 4387 quemcumque
783 4299 887 4366 locum
901 4298 999 4364 iidem
1014 4297 1105 4364 Prior
1118 4309 1151 4362 et
1169 4307 1343 4362 conventus
1357 4293 1472 4382 eligere
1486 4291 1641 4358 voluerint
1657 4329 1664 4341 ·

280 4425 310 4476 et
319 4410 358 4476 ad
367 4409 566 4476 commodum
580 4431 672 4475 suurn
686 4407 870 4496 expedicius
884 4419 916 4474 et
930 4405 1038 4473 utilius
1052 4403 1203 4495 expedire
1218 4401 1355 4470 viderint
1368 4441 1374 4454 ·
1387 4423 1485 4486 usque
1500 4397 1665 4464 admoleu·

1552 4505 1661 4570 dinum
