4284 5412
971 615 1013 668 21

947 881 1035 954 XII.

620 1067 678 1142 Ba
696 1077 865 1140 sarmata
884 1067 918 1140 ta
936 1067 1082 1160 peremta
1099 1068 1203 1144 suunt
1220 1067 1364 1162 &aaut

386 1255 517 1322 Mnibus
540 1267 644 1322 sancte
667 1253 774 1321 matris
793 1254 923 1322 ecclesie
937 1256 1011 1322 filiis
1034 1257 1074 1324 ad
1097 1282 1232 1344 quorum
1253 1257 1403 1325 noticiam
1417 1257 1507 1325 litere
1531 1273 1687 1348 presentes

399 1358 600 1448 pervenerint
614 1358 770 1424 Rcbertus
789 1357 891 1424 dictus
914 1358 954 1425 de
977 1359 1080 1426 Decer
1102 1361 1180 1428 civis
1204 1361 1327 1429 Dublin
1350 1361 1481 1430 salutem
1500 1364 1534 1428 in
1549 1364 1688 1431 Domino

299 1465 526 1558 sempiternam.
570 1463 703 1532 Noverit
720 1463 905 1532 universitas
927 1479 1030 1532 vestra
1052 1490 1103 1534 me
1126 1467 1311 1535 concessisse
1326 1467 1446 1534 dedisse
1460 1468 1603 1555 quietum
1626 1468 1688 1535 cla·

300 1598 395 1640 masse
410 1587 443 1640 et
456 1573 651 1662 presencium
666 1587 773 1640 tenore
788 1574 984 1641 confirmasse
999 1575 1070 1642 Deo
1084 1589 1116 1642 et
1130 1577 1220 1644 beate
1235 1575 1337 1642 Maris
1351 1589 1384 1642 et
1395 1575 1552 1642 Omnibus
1568 1575 1689 1643 Sanctis

299 1697 329 1747 et
342 1681 445 1746 Priori
469 1694 502 1747 et
521 1682 692 1748 conventui
715 1679 845 1746 ecclesie
860 1679 1014 1746 Omnium
1031 1679 1216 1747 Sanctorum
1233 1681 1329 1768 juxta
1343 1679 1467 1746 Dublin
1484 1678 1604 1747 ibidem
1619 1679 1689 1746 Deo

299 1787 504 1854 servientibus
519 1825 526 1839 ·
542 1787 575 1852 in
590 1810 700 1875 puram
715 1799 747 1852 et
761 1799 944 1874 perpetuam
960 1785 1161 1853 elemosinam
1176 1810 1274 1852 unum
1289 1785 1484 1874 mesuagium
1506 1810 1579 1853 oum
1594 1787 1689 1876 perti·

300 1894 416 1961 nenciis
430 1894 464 1960 in
478 1893 627 1960 suburbio
642 1891 764 1958 Dublin
779 1891 812 1955 in
828 1889 975 1978 parochia
997 1890 1095 1957 sancti
1111 1889 1241 1979 Georgii
1258 1928 1265 1943 ·
1281 1889 1365 1956 unde
1389 1889 1620 1979 cyrographum
1643 1905 1690 1957 est

299 1997 413 2065 lactum
426 1997 461 2063 in
475 1996 562 2064 ouria
576 1994 696 2061 domini
711 1993 807 2083 Regis
824 2033 830 2044 ·
846 1994 1026 2060 habendum
1041 2006 1074 2060 et
1087 1994 1258 2060 tenendum
1273 1993 1392 2060 diotmn
1407 1996 1601 2084 mesuagium
1616 2021 1688 2062 cum

300 2103 498 2193 pertinenciis
520 2103 637 2170 eisdem
653 2100 756 2167 Priori
771 2113 804 2167 et
825 2099 994 2168 conventui
1009 2113 1042 2166 et
1064 2123 1172 2166 eorum
1194 2100 1419 2167 successoribus
1434 2101 1539 2170 deme
1554 2101 1688 2170 othere·

300 2207 389 2275 dibus
404 2208 481 2274 meis
504 2231 558 2274 seu
573 2206 734 2296 assignatis
748 2205 845 2273 libere
860 2206 966 2295 quiete
980 2208 1061 2274 bene
1081 2221 1114 2272 et
1126 2207 1161 2272 in
1175 2231 1251 2297 paee
1266 2221 1359 2297 prout
1381 2208 1493 2275 melius
1516 2223 1548 2276 et
1562 2209 1691 2277 liberius

299 2314 401 2402 aliqua
423 2315 590 2381 elemosina
610 2313 742 2380 conferri
757 2313 881 2404 poterit.
925 2315 997 2404 Ego
1019 2339 1094 2382 vcro
1109 2315 1265 2382 Robertus
1285 2329 1317 2381 et
1339 2316 1469 2382 heredes
1491 2315 1554 2381 mei
1569 2316 1690 2382 dictum

299 2421 491 2510 mesuagium
514 2445 587 2487 cum
602 2420 803 2508 pertinenciis
817 2420 909 2487 dictis
925 2420 1026 2486 Priori
1041 2433 1074 2486 et
1088 2421 1258 2487 conventui
1277 2434 1310 2487 et
1332 2445 1440 2488 eorum
1463 2421 1690 2489 successoribus

299 2541 404 2592 contra
427 2549 533 2592 omnes
547 2525 690 2592 homines
713 2539 745 2592 et
759 2525 889 2592 feminas
909 2526 1192 2592 warrantizabimus
1216 2526 1461 2613 acquietabimus
1483 2541 1516 2593 et
1529 2527 1564 2592 in
1578 2551 1688 2617 perpe-

298 2643 386 2697 tuum
397 2631 608 2698 defendemus.
652 2633 691 2698 In
703 2634 792 2721 cujus
806 2633 852 2701 rei
866 2633 1079 2700 testimonium
1091 2647 1248 2722 presentes
1258 2634 1362 2700 literas
1377 2632 1473 2722 sigilli
1483 2633 1546 2699 mei
1557 2633 1686 2721 Mpres-

298 2743 381 2809 sione
396 2743 549 2810 roboravi.
593 2741 668 2808 Hiis
681 2742 813 2810 testibus
828 2781 835 2794 ·
851 2741 1014 2808 Willelmo
1029 2741 1069 2807 de
1083 2740 1222 2830 Brystoll
1242 2753 1318 2807 tunc
1341 2741 1459 2827 majore
1475 2779 1482 2793 ·
1498 2741 1520 2807 J
1521 2742 1644 2809 ohanne
1657 2742 1688 2808 le

298 2846 399 2915 Decor
414 2885 421 2900 ·
439 2849 503 2934 [et]
518 2846 664 2914 lobanne
675 2847 705 2912 le
718 2845 865 2934 Serjaunt
878 2860 954 2912 tunc
968 2846 1132 2936 prepositis
1144 2845 1266 2913 Dublin
1282 2883 1289 2900 ·
1305 2846 1446 2914 Hemico
1459 2848 1490 2914 le
1501 2848 1686 2916 Marescall·

298 2951 419 3020 Thoma
433 2953 473 3020 de
488 2951 642 3019 Ooventr:
659 2987 666 3002 ·
683 2950 821 3018 Roberto
837 2949 961 3016 Turbot
976 2987 983 3000 ·
1000 2949 1106 3016 David
1121 2949 1160 3018 de
1173 2949 1283 3018 Oallan
1297 2964 1330 3018 et
1343 2951 1451 3020 multis
1465 2952 1543 3020 aliis.

933 3273 1042 3346 XIII.

731 3460 777 3534 {a
794 3459 938 3552 pauttta
954 3457 1078 3545 §aut
1095 3458 1240 3551 &tamt

388 3642 529 3711 Niversis
548 3661 652 3714 sancte
666 3646 774 3714 matris
797 3648 926 3716 ecclesie
940 3647 1013 3714 filiis
1036 3647 1077 3714 ad
1096 3671 1230 3735 quorum
1253 3647 1401 3714 noticiam
1415 3647 1504 3716 litere
1526 3665 1684 3738 presentes

402 3757 610 3844 pervenerint.
655 3757 826 3824 Grutancia
840 3757 905 3824 filia
919 3756 1042 3823 Mathai
1056 3755 1114 3820 lilii
1137 3754 1303 3842 Helingeri
1323 3753 1455 3820 salutem
1479 3753 1513 3820 in
1533 3756 1682 3824 Domino.

292 3855 425 3926 Noverit
439 3859 634 3927 Universitas
655 3875 758 3928 vestra
771 3885 822 3927 me
836 3861 871 3925 in
885 3859 1027 3948 legitima
1040 3859 1193 3926 viduitate
1216 3883 1286 3924 mea
1300 3858 1421 3926 dedisse
1444 3861 1627 3929 concessisse
1650 3877 1683 3930 et

291 3965 487 4050 presentibus
504 3966 603 4033 literis
625 3967 821 4034 confirmasse
836 3966 938 4032 Priori
961 3981 993 4033 et
1015 3965 1185 4033 conventui
1204 3966 1315 4031 domus
1330 3965 1482 4032 Omnium
1496 3967 1681 4034 Sanctorum

287 4068 383 4155 juxta
402 4070 526 4138 Dublin
553 4086 587 4140 et
611 4073 674 4139 suis
703 4072 929 4140 successoribus
954 4071 1111 4160 quandam
1136 4083 1250 4138 terram
1271 4071 1306 4137 in
1333 4071 1483 4140 suburbio
1503 4073 1625 4140 Dublin
1645 4075 1681 4140 in

290 4175 438 4261 parochia
453 4175 560 4244 Sancti
575 4177 706 4267 Georgii
722 4217 729 4229 ·
745 4177 832 4245 illam
851 4177 970 4244 scilicet
987 4200 1049 4265 que
1063 4177 1149 4263 jacet
1166 4176 1248 4244 iuter
1268 4190 1382 4244 terram
1397 4201 1457 4264 que
1471 4177 1533 4244 luit
1546 4178 1680 4246 Walteri

289 4280 423 4350 Juvenis
436 4286 623 4374 carpentarii
637 4310 680 4353 ex
694 4310 759 4354 una
772 4299 860 4376 parte
874 4300 907 4352 et
920 4299 1034 4352 terram
1048 4284 1233 4350 monialium
1246 4299 1352 4354 sancte
1368 4285 1468 4352 Marie
1478 4287 1575 4374 juxta
1588 4288 1678 4378 Hog-

291 4412 344 4476 gas
366 4413 410 4458 ex
433 4391 529 4460 altera
542 4407 630 4482 parte
646 4431 652 4446 ·
669 4409 702 4463 et
724 4395 864 4463 continet
877 4393 912 4458 in
926 4392 1092 4460 latitudine
1115 4406 1225 4480 quater
1247 4391 1362 4482 viginti
1380 4391 1475 4481 pedes
1491 4430 1498 4445 ·
1514 4391 1677 4493 longitudo

1578 4521 1676 4564 ecram
