<?xml version="1.0" encoding="UTF-8"?>
<!DOCTYPE html PUBLIC "-//W3C//DTD XHTML 1.0 Transitional//EN"
    "http://www.w3.org/TR/xhtml1/DTD/xhtml1-transitional.dtd">
<html xmlns="http://www.w3.org/1999/xhtml" xml:lang="en" lang="en">
 <head>
  <title>
</title>
<meta http-equiv="Content-Type" content="text/html;charset=utf-8" />
  <meta name='ocr-system' content='tesseract 3.04.00' />
  <meta name='ocr-capabilities' content='ocr_page ocr_carea ocr_par ocr_line ocrx_word'/>
</head>
<body>
  <div class='ocr_page' id='page_1' title='image "./registrumpriora00librgoog_0123.png"; bbox 0 0 4284 5412; ppageno 0'>
   <div class='ocr_carea' id='block_1_1' title="bbox 1147 625 1195 688">
    <p class='ocr_par' dir='ltr' id='par_1_1' title="bbox 1147 625 1195 688">
     <span class='ocr_line' id='line_1_1' title="bbox 1147 625 1195 688; baseline 0 -16"><span class='ocrx_word' id='word_1_1' title='bbox 1147 625 1195 688; x_wconf 90' lang='lat'>40</span> 
     </span>
    </p>
   </div>
   <div class='ocr_carea' id='block_1_2' title="bbox 482 774 1871 1178">
    <p class='ocr_par' dir='ltr' id='par_1_2' title="bbox 482 774 1871 1178">
     <span class='ocr_line' id='line_1_2' title="bbox 484 774 1871 872; baseline 0.01 -33"><span class='ocrx_word' id='word_1_2' title='bbox 484 785 515 839; x_wconf 91' lang='lat' dir='ltr'>et</span> <span class='ocrx_word' id='word_1_3' title='bbox 528 774 709 842; x_wconf 89' lang='lat' dir='ltr'>inconcussa</span> <span class='ocrx_word' id='word_1_4' title='bbox 717 775 868 842; x_wconf 89' lang='lat' dir='ltr'>habeatur</span> <span class='ocrx_word' id='word_1_5' title='bbox 878 789 1052 864; x_wconf 80' lang='lat' dir='ltr'><strong>presentem</strong></span> <span class='ocrx_word' id='word_1_6' title='bbox 1063 780 1210 869; x_wconf 88' lang='lat' dir='ltr'>paginam</span> <span class='ocrx_word' id='word_1_7' title='bbox 1224 781 1320 870; x_wconf 83' lang='lat' dir='ltr'>sigilli</span> <span class='ocrx_word' id='word_1_8' title='bbox 1330 781 1392 848; x_wconf 91' lang='lat' dir='ltr'>mei</span> <span class='ocrx_word' id='word_1_9' title='bbox 1406 781 1607 872; x_wconf 79' lang='lat' dir='ltr'>impressione</span> <span class='ocrx_word' id='word_1_10' title='bbox 1622 787 1774 853; x_wconf 78' lang='lat' dir='ltr'>roboravi.</span> <span class='ocrx_word' id='word_1_11' title='bbox 1797 787 1871 854; x_wconf 87' lang='lat' dir='ltr'>Hiis</span> 
     </span>
     <span class='ocr_line' id='line_1_3' title="bbox 482 879 1870 976; baseline 0.009 -32"><span class='ocrx_word' id='word_1_12' title='bbox 482 880 611 947; x_wconf 88' lang='lat' dir='ltr'>testibus</span> <span class='ocrx_word' id='word_1_13' title='bbox 628 919 634 932; x_wconf 90' lang='lat'><strong>·</strong></span> <span class='ocrx_word' id='word_1_14' title='bbox 651 879 778 944; x_wconf 89' lang='lat' dir='ltr'>domino</span> <span class='ocrx_word' id='word_1_15' title='bbox 789 879 952 945; x_wconf 89' lang='lat' dir='ltr'>Willelmo</span> <span class='ocrx_word' id='word_1_16' title='bbox 967 879 1084 948; x_wconf 87' lang='lat' dir='ltr'>decano</span> <span class='ocrx_word' id='word_1_17' title='bbox 1096 883 1135 948; x_wconf 88' lang='lat' dir='ltr'>de</span> <span class='ocrx_word' id='word_1_18' title='bbox 1146 883 1260 950; x_wconf 88' lang='lat' dir='ltr'>Sancto</span> <span class='ocrx_word' id='word_1_19' title='bbox 1275 885 1411 951; x_wconf 85' lang='lat' dir='ltr'>Patricio</span> <span class='ocrx_word' id='word_1_20' title='bbox 1428 925 1435 938; x_wconf 93' lang='lat'><strong>·</strong></span> <span class='ocrx_word' id='word_1_21' title='bbox 1450 887 1598 976; x_wconf 90' lang='lat' dir='ltr'>magistro</span> <span class='ocrx_word' id='word_1_22' title='bbox 1613 889 1737 955; x_wconf 91' lang='lat' dir='ltr'>Thoma</span> <span class='ocrx_word' id='word_1_23' title='bbox 1751 889 1870 956; x_wconf 85' lang='lat' dir='ltr'>cancel·</span> 
     </span>
     <span class='ocr_line' id='line_1_4' title="bbox 483 983 1871 1080; baseline 0.007 -32"><span class='ocrx_word' id='word_1_24' title='bbox 483 983 583 1049; x_wconf 90' lang='lat' dir='ltr'>lario·</span> <span class='ocrx_word' id='word_1_25' title='bbox 600 984 727 1050; x_wconf 91' lang='lat' dir='ltr'>domino</span> <span class='ocrx_word' id='word_1_26' title='bbox 742 985 866 1072; x_wconf 87' lang='lat' dir='ltr'>Rogero</span> <span class='ocrx_word' id='word_1_27' title='bbox 881 983 989 1051; x_wconf 86' lang='lat' dir='ltr'>Priore</span> <span class='ocrx_word' id='word_1_28' title='bbox 1009 985 1048 1052; x_wconf 90' lang='lat' dir='ltr'>de</span> <span class='ocrx_word' id='word_1_29' title='bbox 1065 985 1178 1052; x_wconf 87' lang='lat' dir='ltr'>Sancta</span> <span class='ocrx_word' id='word_1_30' title='bbox 1193 986 1348 1054; x_wconf 88' lang='lat' dir='ltr'>Trinitate</span> <span class='ocrx_word' id='word_1_31' title='bbox 1365 1026 1371 1040; x_wconf 94' lang='lat'><em>·</em></span> <span class='ocrx_word' id='word_1_32' title='bbox 1388 987 1428 1055; x_wconf 86' lang='lat' dir='ltr'>G.</span> <span class='ocrx_word' id='word_1_33' title='bbox 1448 989 1499 1054; x_wconf 89' lang='lat' dir='ltr'>del</span> <span class='ocrx_word' id='word_1_34' title='bbox 1519 991 1605 1058; x_wconf 88' lang='lat' dir='ltr'>Ynet</span> <span class='ocrx_word' id='word_1_35' title='bbox 1620 1029 1627 1042; x_wconf 92' lang='lat'>·</span> <span class='ocrx_word' id='word_1_36' title='bbox 1644 991 1811 1080; x_wconf 87' lang='lat' dir='ltr'>Radulpho</span> <span class='ocrx_word' id='word_1_37' title='bbox 1831 992 1871 1058; x_wconf 87' lang='lat' dir='ltr'>de</span> 
     </span>
     <span class='ocr_line' id='line_1_5' title="bbox 488 1089 1076 1178; baseline 0.005 -25"><span class='ocrx_word' id='word_1_38' title='bbox 488 1090 577 1156; x_wconf 89' lang='lat' dir='ltr'>Mora</span> <span class='ocrx_word' id='word_1_39' title='bbox 594 1129 601 1142; x_wconf 93' lang='lat'><strong>·</strong></span> <span class='ocrx_word' id='word_1_40' title='bbox 616 1090 765 1178; x_wconf 86' lang='lat' dir='ltr'>Wydone</span> <span class='ocrx_word' id='word_1_41' title='bbox 781 1089 939 1156; x_wconf 88' lang='lat' dir='ltr'>Comubie</span> <span class='ocrx_word' id='word_1_42' title='bbox 954 1103 986 1157; x_wconf 91' lang='lat' dir='ltr'>et</span> <span class='ocrx_word' id='word_1_43' title='bbox 1000 1091 1076 1157; x_wconf 86' lang='lat' dir='ltr'>aliis.</span> 
     </span>
    </p>
   </div>
   <div class='ocr_carea' id='block_1_3' title="bbox 849 1479 1505 1741">
    <p class='ocr_par' dir='ltr' id='par_1_3' title="bbox 849 1479 1505 1741">
     <span class='ocr_line' id='line_1_6' title="bbox 1079 1479 1288 1555; baseline 0.005 -4"><span class='ocrx_word' id='word_1_44' title='bbox 1079 1479 1288 1555; x_wconf 84' lang='lat' dir='ltr'><strong>XXXVII.</strong></span> 
     </span>
     <span class='ocr_line' id='line_1_7' title="bbox 849 1664 1505 1741; baseline 0.002 -2"><span class='ocrx_word' id='word_1_45' title='bbox 849 1665 907 1739; x_wconf 60' lang='lat' dir='ltr'>Bt</span> <span class='ocrx_word' id='word_1_46' title='bbox 924 1667 1024 1738; x_wconf 70' lang='lat' dir='ltr'>romu</span> <span class='ocrx_word' id='word_1_47' title='bbox 1042 1675 1212 1740; x_wconf 71' lang='lat' dir='ltr'>assumta</span> <span class='ocrx_word' id='word_1_48' title='bbox 1229 1665 1291 1740; x_wconf 82' lang='lat' dir='ltr'>sut</span> <span class='ocrx_word' id='word_1_49' title='bbox 1309 1664 1377 1740; x_wconf 81' lang='lat' dir='ltr'>alta</span> <span class='ocrx_word' id='word_1_50' title='bbox 1395 1669 1505 1741; x_wconf 81' lang='lat' dir='ltr'>torua</span> 
     </span>
    </p>
   </div>
   <div class='ocr_carea' id='block_1_4' title="bbox 476 1851 1872 3961">
    <p class='ocr_par' dir='ltr' id='par_1_4' title="bbox 590 1851 1869 1939">
     <span class='ocr_line' id='line_1_8' title="bbox 590 1851 1869 1939; baseline 0.003 -21"><span class='ocrx_word' id='word_1_51' title='bbox 590 1853 648 1920; x_wconf 85' lang='lat' dir='ltr'>EC</span> <span class='ocrx_word' id='word_1_52' title='bbox 662 1853 826 1919; x_wconf 87' lang='lat' dir='ltr'>indentura</span> <span class='ocrx_word' id='word_1_53' title='bbox 840 1865 970 1919; x_wconf 88' lang='lat' dir='ltr'>testatur</span> <span class='ocrx_word' id='word_1_54' title='bbox 984 1851 1068 1939; x_wconf 93' lang='lat' dir='ltr'>quod</span> <span class='ocrx_word' id='word_1_55' title='bbox 1082 1851 1173 1916; x_wconf 89' lang='lat' dir='ltr'>Prior</span> <span class='ocrx_word' id='word_1_56' title='bbox 1187 1865 1219 1918; x_wconf 88' lang='lat' dir='ltr'>ct</span> <span class='ocrx_word' id='word_1_57' title='bbox 1229 1869 1400 1920; x_wconf 91' lang='lat' dir='ltr'>conventus</span> <span class='ocrx_word' id='word_1_58' title='bbox 1409 1855 1519 1920; x_wconf 91' lang='lat' dir='ltr'>domus</span> <span class='ocrx_word' id='word_1_59' title='bbox 1525 1855 1677 1920; x_wconf 90' lang='lat' dir='ltr'>Omnium</span> <span class='ocrx_word' id='word_1_60' title='bbox 1685 1855 1869 1922; x_wconf 86' lang='lat' dir='ltr'>Sanctorum</span> 
     </span>
    </p>

    <p class='ocr_par' dir='ltr' id='par_1_5' title="bbox 476 1956 1872 3961">
     <span class='ocr_line' id='line_1_9' title="bbox 606 1956 1869 2047; baseline 0.004 -23"><span class='ocrx_word' id='word_1_61' title='bbox 606 1959 701 2047; x_wconf 88' lang='lat' dir='ltr'>juxta</span> <span class='ocrx_word' id='word_1_62' title='bbox 715 1957 836 2024; x_wconf 91' lang='lat' dir='ltr'>Dublin</span> <span class='ocrx_word' id='word_1_63' title='bbox 854 1957 1039 2024; x_wconf 87' lang='lat' dir='ltr'>remiserunt</span> <span class='ocrx_word' id='word_1_64' title='bbox 1059 1969 1091 2022; x_wconf 90' lang='lat' dir='ltr'>et</span> <span class='ocrx_word' id='word_1_65' title='bbox 1108 1956 1329 2024; x_wconf 87' lang='lat' dir='ltr'>relaxaverunt</span> <span class='ocrx_word' id='word_1_66' title='bbox 1344 1959 1481 2026; x_wconf 88' lang='lat' dir='ltr'>Robcrto</span> <span class='ocrx_word' id='word_1_67' title='bbox 1498 1961 1651 2026; x_wconf 88' lang='lat' dir='ltr'>Stantoun</span> <span class='ocrx_word' id='word_1_68' title='bbox 1671 1963 1776 2028; x_wconf 91' lang='lat' dir='ltr'>omnia</span> <span class='ocrx_word' id='word_1_69' title='bbox 1789 1987 1869 2030; x_wconf 89' lang='lat' dir='ltr'>arre-</span> 
     </span>
     <span class='ocr_line' id='line_1_10' title="bbox 485 2064 1869 2155; baseline 0.004 -25"><span class='ocrx_word' id='word_1_70' title='bbox 485 2067 571 2155; x_wconf 84' lang='lat' dir='ltr'>ragia</span> <span class='ocrx_word' id='word_1_71' title='bbox 586 2106 592 2118; x_wconf 90' lang='lat'>·</span> <span class='ocrx_word' id='word_1_72' title='bbox 609 2080 741 2152; x_wconf 89' lang='lat' dir='ltr'>quatuor</span> <span class='ocrx_word' id='word_1_73' title='bbox 755 2064 902 2131; x_wconf 85' lang='lat' dir='ltr'>videlieet</span> <span class='ocrx_word' id='word_1_74' title='bbox 916 2064 1085 2130; x_wconf 90' lang='lat' dir='ltr'>solidorum</span> <span class='ocrx_word' id='word_1_75' title='bbox 1100 2064 1196 2129; x_wconf 90' lang='lat' dir='ltr'>annui</span> <span class='ocrx_word' id='word_1_76' title='bbox 1211 2065 1350 2130; x_wconf 90' lang='lat' dir='ltr'>redditus</span> <span class='ocrx_word' id='word_1_77' title='bbox 1371 2067 1561 2132; x_wconf 80' lang='lat' dir='ltr'>exeuntium</span> <span class='ocrx_word' id='word_1_78' title='bbox 1576 2068 1615 2132; x_wconf 89' lang='lat' dir='ltr'>de</span> <span class='ocrx_word' id='word_1_79' title='bbox 1635 2068 1770 2153; x_wconf 89' lang='lat' dir='ltr'>quodam</span> <span class='ocrx_word' id='word_1_80' title='bbox 1786 2083 1869 2136; x_wconf 87' lang='lat' dir='ltr'>tene-</span> 
     </span>
     <span class='ocr_line' id='line_1_11' title="bbox 476 2171 1868 2260; baseline 0.004 -23"><span class='ocrx_word' id='word_1_81' title='bbox 476 2187 591 2238; x_wconf 79' lang='lat' dir='ltr'>-mento</span> <span class='ocrx_word' id='word_1_82' title='bbox 614 2173 648 2237; x_wconf 93' lang='lat' dir='ltr'>in</span> <span class='ocrx_word' id='word_1_83' title='bbox 670 2173 816 2260; x_wconf 88' lang='lat' dir='ltr'>parochia</span> <span class='ocrx_word' id='word_1_84' title='bbox 832 2172 939 2239; x_wconf 87' lang='lat' dir='ltr'>Sancti</span> <span class='ocrx_word' id='word_1_85' title='bbox 958 2171 1104 2238; x_wconf 87' lang='lat' dir='ltr'>Nicholai</span> <span class='ocrx_word' id='word_1_86' title='bbox 1119 2171 1241 2237; x_wconf 91' lang='lat' dir='ltr'>Dublin</span> <span class='ocrx_word' id='word_1_87' title='bbox 1254 2173 1288 2237; x_wconf 91' lang='lat' dir='ltr'>in</span> <span class='ocrx_word' id='word_1_88' title='bbox 1307 2173 1378 2239; x_wconf 86' lang='lat' dir='ltr'>vico</span> <span class='ocrx_word' id='word_1_89' title='bbox 1398 2174 1452 2260; x_wconf 89' lang='lat' dir='ltr'>qui</span> <span class='ocrx_word' id='word_1_90' title='bbox 1468 2173 1582 2239; x_wconf 90' lang='lat' dir='ltr'>dicitur</span> <span class='ocrx_word' id='word_1_91' title='bbox 1596 2175 1792 2242; x_wconf 85' lang='lat' dir='ltr'>Roohelstret</span> <span class='ocrx_word' id='word_1_92' title='bbox 1808 2215 1814 2229; x_wconf 91' lang='lat'>·</span> <span class='ocrx_word' id='word_1_93' title='bbox 1830 2178 1868 2243; x_wconf 90' lang='lat' dir='ltr'>de</span> 
     </span>
     <span class='ocr_line' id='line_1_12' title="bbox 486 2278 1868 2366; baseline 0.006 -24"><span class='ocrx_word' id='word_1_94' title='bbox 486 2279 629 2346; x_wconf 90' lang='lat' dir='ltr'>omnibus</span> <span class='ocrx_word' id='word_1_95' title='bbox 643 2279 782 2346; x_wconf 90' lang='lat' dir='ltr'>terminis</span> <span class='ocrx_word' id='word_1_96' title='bbox 796 2279 955 2344; x_wconf 70' lang='lat' dir='ltr'>transactis</span> <span class='ocrx_word' id='word_1_97' title='bbox 976 2303 1073 2366; x_wconf 90' lang='lat' dir='ltr'>usque</span> <span class='ocrx_word' id='word_1_98' title='bbox 1096 2278 1136 2343; x_wconf 87' lang='lat' dir='ltr'>ad</span> <span class='ocrx_word' id='word_1_99' title='bbox 1150 2278 1263 2345; x_wconf 83' lang='lat' dir='ltr'>sestam</span> <span class='ocrx_word' id='word_1_100' title='bbox 1277 2281 1373 2347; x_wconf 88' lang='lat' dir='ltr'>Pasce</span> <span class='ocrx_word' id='word_1_101' title='bbox 1396 2305 1477 2346; x_wconf 91' lang='lat' dir='ltr'>anno</span> <span class='ocrx_word' id='word_1_102' title='bbox 1492 2281 1611 2346; x_wconf 90' lang='lat' dir='ltr'>domini</span> <span class='ocrx_word' id='word_1_103' title='bbox 1633 2281 1798 2348; x_wconf 89' lang='lat' dir='ltr'>millesimo</span> <span class='ocrx_word' id='word_1_104' title='bbox 1816 2308 1868 2350; x_wconf 88' lang='lat' dir='ltr'>coc</span> 
     </span>
     <span class='ocr_line' id='line_1_13' title="bbox 487 2385 1872 2478; baseline 0 -24"><span class='ocrx_word' id='word_1_105' title='bbox 487 2388 686 2478; x_wconf 86' lang='lat' dir='ltr'>nonagesimo</span> <span class='ocrx_word' id='word_1_106' title='bbox 712 2401 822 2475; x_wconf 89' lang='lat' dir='ltr'>quarto</span> <span class='ocrx_word' id='word_1_107' title='bbox 838 2425 845 2438; x_wconf 93' lang='lat'><strong>·</strong></span> <span class='ocrx_word' id='word_1_108' title='bbox 862 2386 1091 2473; x_wconf 83' lang='lat' dir='ltr'>quodquidam</span> <span class='ocrx_word' id='word_1_109' title='bbox 1110 2397 1323 2451; x_wconf 83' lang='lat' dir='ltr'>tenementum</span> <span class='ocrx_word' id='word_1_110' title='bbox 1346 2385 1486 2452; x_wconf 90' lang='lat' dir='ltr'>continet</span> <span class='ocrx_word' id='word_1_111' title='bbox 1508 2385 1542 2450; x_wconf 93' lang='lat' dir='ltr'>in</span> <span class='ocrx_word' id='word_1_112' title='bbox 1556 2385 1752 2474; x_wconf 90' lang='lat' dir='ltr'>longitudine</span> <span class='ocrx_word' id='word_1_113' title='bbox 1778 2412 1797 2454; x_wconf 87' lang='lat' dir='ltr'>a</span> <span class='ocrx_word' id='word_1_114' title='bbox 1821 2388 1872 2454; x_wconf 89' lang='lat' dir='ltr'>via</span> 
     </span>
     <span class='ocr_line' id='line_1_14' title="bbox 486 2492 1868 2584; baseline 0 -24"><span class='ocrx_word' id='word_1_115' title='bbox 486 2497 572 2584; x_wconf 89' lang='lat' dir='ltr'>regia</span> <span class='ocrx_word' id='word_1_116' title='bbox 596 2520 638 2560; x_wconf 83' lang='lat' dir='ltr'>ex</span> <span class='ocrx_word' id='word_1_117' title='bbox 663 2509 750 2583; x_wconf 87' lang='lat' dir='ltr'>parte</span> <span class='ocrx_word' id='word_1_118' title='bbox 779 2493 904 2559; x_wconf 74' lang='lat' dir='ltr'>australi</span> <span class='ocrx_word' id='word_1_119' title='bbox 930 2492 1095 2580; x_wconf 89' lang='lat' dir='ltr'>quinquies</span> <span class='ocrx_word' id='word_1_120' title='bbox 1123 2492 1237 2582; x_wconf 89' lang='lat' dir='ltr'>viginti</span> <span class='ocrx_word' id='word_1_121' title='bbox 1258 2493 1353 2581; x_wconf 88' lang='lat' dir='ltr'>pedes</span> <span class='ocrx_word' id='word_1_122' title='bbox 1381 2517 1479 2579; x_wconf 87' lang='lat' dir='ltr'>usque</span> <span class='ocrx_word' id='word_1_123' title='bbox 1508 2493 1548 2559; x_wconf 91' lang='lat' dir='ltr'>ad</span> <span class='ocrx_word' id='word_1_124' title='bbox 1578 2509 1690 2560; x_wconf 90' lang='lat' dir='ltr'>terram</span> <span class='ocrx_word' id='word_1_125' title='bbox 1713 2495 1868 2580; x_wconf 87' lang='lat' dir='ltr'>quondam</span> 
     </span>
     <span class='ocr_line' id='line_1_15' title="bbox 486 2597 1868 2688; baseline -0.001 -21"><span class='ocrx_word' id='word_1_126' title='bbox 486 2601 615 2667; x_wconf 89' lang='lat' dir='ltr'>Roberti</span> <span class='ocrx_word' id='word_1_127' title='bbox 629 2600 850 2665; x_wconf 89' lang='lat' dir='ltr'>Asshcbourne</span> <span class='ocrx_word' id='word_1_128' title='bbox 865 2623 908 2665; x_wconf 87' lang='lat' dir='ltr'>ex</span> <span class='ocrx_word' id='word_1_129' title='bbox 922 2613 1008 2686; x_wconf 88' lang='lat' dir='ltr'>parte</span> <span class='ocrx_word' id='word_1_130' title='bbox 1024 2597 1192 2684; x_wconf 83' lang='lat' dir='ltr'>aquilonali</span> <span class='ocrx_word' id='word_1_131' title='bbox 1209 2636 1215 2649; x_wconf 92' lang='lat'><strong>·</strong></span> <span class='ocrx_word' id='word_1_132' title='bbox 1231 2597 1265 2662; x_wconf 92' lang='lat' dir='ltr'>in</span> <span class='ocrx_word' id='word_1_133' title='bbox 1280 2597 1445 2665; x_wconf 85' lang='lat' dir='ltr'>latitudine</span> <span class='ocrx_word' id='word_1_134' title='bbox 1470 2623 1544 2664; x_wconf 86' lang='lat' dir='ltr'>vero</span> <span class='ocrx_word' id='word_1_135' title='bbox 1568 2599 1682 2688; x_wconf 87' lang='lat' dir='ltr'>viginti</span> <span class='ocrx_word' id='word_1_136' title='bbox 1702 2613 1734 2665; x_wconf 89' lang='lat' dir='ltr'>et</span> <span class='ocrx_word' id='word_1_137' title='bbox 1755 2624 1868 2666; x_wconf 88' lang='lat' dir='ltr'>novem</span> 
     </span>
     <span class='ocr_line' id='line_1_16' title="bbox 485 2705 1868 2796; baseline -0.002 -23"><span class='ocrx_word' id='word_1_138' title='bbox 485 2709 579 2796; x_wconf 89' lang='lat' dir='ltr'>pedes</span> <span class='ocrx_word' id='word_1_139' title='bbox 601 2733 620 2774; x_wconf 91' lang='lat' dir='ltr'>a</span> <span class='ocrx_word' id='word_1_140' title='bbox 642 2721 723 2772; x_wconf 86' lang='lat' dir='ltr'>terra</span> <span class='ocrx_word' id='word_1_141' title='bbox 742 2705 872 2772; x_wconf 89' lang='lat' dir='ltr'>Roberti</span> <span class='ocrx_word' id='word_1_142' title='bbox 891 2705 930 2772; x_wconf 89' lang='lat' dir='ltr'>de</span> <span class='ocrx_word' id='word_1_143' title='bbox 951 2705 1075 2794; x_wconf 87' lang='lat' dir='ltr'>Wylby</span> <span class='ocrx_word' id='word_1_144' title='bbox 1096 2729 1138 2770; x_wconf 86' lang='lat' dir='ltr'>ex</span> <span class='ocrx_word' id='word_1_145' title='bbox 1163 2717 1250 2792; x_wconf 83' lang='lat' dir='ltr'>parte</span> <span class='ocrx_word' id='word_1_146' title='bbox 1276 2705 1418 2772; x_wconf 84' lang='lat' dir='ltr'>orientali</span> <span class='ocrx_word' id='word_1_147' title='bbox 1440 2730 1538 2792; x_wconf 90' lang='lat' dir='ltr'>usque</span> <span class='ocrx_word' id='word_1_148' title='bbox 1561 2707 1601 2772; x_wconf 90' lang='lat' dir='ltr'>ad</span> <span class='ocrx_word' id='word_1_149' title='bbox 1626 2719 1738 2772; x_wconf 87' lang='lat' dir='ltr'>terram</span> <span class='ocrx_word' id='word_1_150' title='bbox 1753 2705 1868 2771; x_wconf 89' lang='lat' dir='ltr'>Prioris</span> 
     </span>
     <span class='ocr_line' id='line_1_17' title="bbox 487 2811 1868 2900; baseline 0 -21"><span class='ocrx_word' id='word_1_151' title='bbox 487 2813 593 2879; x_wconf 83' lang='lat' dir='ltr'>Sancti</span> <span class='ocrx_word' id='word_1_152' title='bbox 616 2815 637 2878; x_wconf 88' lang='lat' dir='ltr'><strong>J</strong></span> <span class='ocrx_word' id='word_1_153' title='bbox 639 2813 768 2878; x_wconf 88' lang='lat' dir='ltr'>ohannis</span> <span class='ocrx_word' id='word_1_154' title='bbox 790 2837 833 2878; x_wconf 90' lang='lat' dir='ltr'>ex</span> <span class='ocrx_word' id='word_1_155' title='bbox 857 2825 944 2899; x_wconf 85' lang='lat' dir='ltr'>purte</span> <span class='ocrx_word' id='word_1_156' title='bbox 970 2811 1154 2878; x_wconf 87' lang='lat' dir='ltr'>occidentali</span> <span class='ocrx_word' id='word_1_157' title='bbox 1171 2849 1177 2863; x_wconf 91' lang='lat'>·</span> <span class='ocrx_word' id='word_1_158' title='bbox 1194 2813 1244 2877; x_wconf 87' lang='lat' dir='ltr'>Ita</span> <span class='ocrx_word' id='word_1_159' title='bbox 1268 2812 1353 2898; x_wconf 91' lang='lat' dir='ltr'>quod</span> <span class='ocrx_word' id='word_1_160' title='bbox 1376 2811 1508 2900; x_wconf 83' lang='lat' dir='ltr'>predicti</span> <span class='ocrx_word' id='word_1_161' title='bbox 1531 2811 1621 2876; x_wconf 89' lang='lat' dir='ltr'>Prior</span> <span class='ocrx_word' id='word_1_162' title='bbox 1644 2825 1676 2877; x_wconf 90' lang='lat' dir='ltr'>et</span> <span class='ocrx_word' id='word_1_163' title='bbox 1698 2825 1868 2879; x_wconf 85' lang='lat' dir='ltr'>conventus</span> 
     </span>
     <span class='ocr_line' id='line_1_18' title="bbox 485 2918 1869 3008; baseline 0 -24"><span class='ocrx_word' id='word_1_164' title='bbox 485 2920 595 2984; x_wconf 89' lang='lat' dir='ltr'>domus</span> <span class='ocrx_word' id='word_1_165' title='bbox 607 2919 759 2986; x_wconf 87' lang='lat' dir='ltr'>Omnium</span> <span class='ocrx_word' id='word_1_166' title='bbox 776 2920 960 2986; x_wconf 87' lang='lat' dir='ltr'>Sanctorum</span> <span class='ocrx_word' id='word_1_167' title='bbox 979 2934 1011 2986; x_wconf 90' lang='lat' dir='ltr'>et</span> <span class='ocrx_word' id='word_1_168' title='bbox 1025 2943 1212 2986; x_wconf 87' lang='lat' dir='ltr'>successores</span> <span class='ocrx_word' id='word_1_169' title='bbox 1231 2921 1279 2985; x_wconf 90' lang='lat' dir='ltr'>sui</span> <span class='ocrx_word' id='word_1_170' title='bbox 1294 2921 1333 2987; x_wconf 92' lang='lat' dir='ltr'>de</span> <span class='ocrx_word' id='word_1_171' title='bbox 1350 2920 1490 3008; x_wconf 89' lang='lat' dir='ltr'>predicto</span> <span class='ocrx_word' id='word_1_172' title='bbox 1505 2919 1643 2986; x_wconf 83' lang='lat' dir='ltr'>Roberto</span> <span class='ocrx_word' id='word_1_173' title='bbox 1657 2918 1823 2984; x_wconf 87' lang='lat' dir='ltr'>heredibus</span> <span class='ocrx_word' id='word_1_174' title='bbox 1837 2933 1869 2984; x_wconf 90' lang='lat' dir='ltr'>et</span> 
     </span>
     <span class='ocr_line' id='line_1_19' title="bbox 486 3025 1868 3115; baseline -0.001 -25"><span class='ocrx_word' id='word_1_175' title='bbox 486 3025 645 3113; x_wconf 88' lang='lat' dir='ltr'>assignatis</span> <span class='ocrx_word' id='word_1_176' title='bbox 660 3025 722 3090; x_wconf 91' lang='lat' dir='ltr'>suis</span> <span class='ocrx_word' id='word_1_177' title='bbox 737 3026 776 3090; x_wconf 93' lang='lat' dir='ltr'>ad</span> <span class='ocrx_word' id='word_1_178' title='bbox 787 3049 1053 3112; x_wconf 90' lang='lat' dir='ltr'>quorumcumque</span> <span class='ocrx_word' id='word_1_179' title='bbox 1067 3051 1177 3092; x_wconf 90' lang='lat' dir='ltr'>manus</span> <span class='ocrx_word' id='word_1_180' title='bbox 1192 3027 1383 3093; x_wconf 85' lang='lat' dir='ltr'>devenerita</span> <span class='ocrx_word' id='word_1_181' title='bbox 1397 3026 1574 3115; x_wconf 87' lang='lat' dir='ltr'>supradicto</span> <span class='ocrx_word' id='word_1_182' title='bbox 1585 3027 1681 3091; x_wconf 87' lang='lat' dir='ltr'>Pasce</span> <span class='ocrx_word' id='word_1_183' title='bbox 1695 3025 1773 3090; x_wconf 89' lang='lat' dir='ltr'>sesto</span> <span class='ocrx_word' id='word_1_184' title='bbox 1787 3047 1868 3092; x_wconf 82' lang='lat' dir='ltr'>anno</span> 
     </span>
     <span class='ocr_line' id='line_1_20' title="bbox 485 3131 1868 3222; baseline -0.003 -24"><span class='ocrx_word' id='word_1_185' title='bbox 485 3133 661 3222; x_wconf 88' lang='lat' dir='ltr'>supradicto</span> <span class='ocrx_word' id='word_1_186' title='bbox 675 3147 807 3219; x_wconf 88' lang='lat' dir='ltr'>quatuor</span> <span class='ocrx_word' id='word_1_187' title='bbox 830 3133 942 3199; x_wconf 87' lang='lat' dir='ltr'>solidos</span> <span class='ocrx_word' id='word_1_188' title='bbox 966 3133 1086 3222; x_wconf 88' lang='lat' dir='ltr'>argenti</span> <span class='ocrx_word' id='word_1_189' title='bbox 1101 3134 1141 3199; x_wconf 87' lang='lat' dir='ltr'>ad</span> <span class='ocrx_word' id='word_1_190' title='bbox 1155 3134 1233 3199; x_wconf 92' lang='lat' dir='ltr'>duos</span> <span class='ocrx_word' id='word_1_191' title='bbox 1255 3133 1329 3200; x_wconf 90' lang='lat' dir='ltr'>anni</span> <span class='ocrx_word' id='word_1_192' title='bbox 1343 3132 1491 3199; x_wconf 88' lang='lat' dir='ltr'>terminos</span> <span class='ocrx_word' id='word_1_193' title='bbox 1505 3132 1545 3198; x_wconf 86' lang='lat' dir='ltr'>de</span> <span class='ocrx_word' id='word_1_194' title='bbox 1567 3131 1677 3198; x_wconf 89' lang='lat' dir='ltr'>eodem</span> <span class='ocrx_word' id='word_1_195' title='bbox 1692 3143 1868 3195; x_wconf 86' lang='lat' dir='ltr'>tenemento</span> 
     </span>
     <span class='ocr_line' id='line_1_21' title="bbox 484 3236 1868 3328; baseline -0.003 -23"><span class='ocrx_word' id='word_1_196' title='bbox 484 3240 645 3306; x_wconf 88' lang='lat' dir='ltr'>annuatim</span> <span class='ocrx_word' id='word_1_197' title='bbox 659 3239 832 3328; x_wconf 90' lang='lat' dir='ltr'>percipiant</span> <span class='ocrx_word' id='word_1_198' title='bbox 843 3239 877 3304; x_wconf 91' lang='lat' dir='ltr'>in</span> <span class='ocrx_word' id='word_1_199' title='bbox 891 3252 1077 3328; x_wconf 88' lang='lat' dir='ltr'>perpetuum</span> <span class='ocrx_word' id='word_1_200' title='bbox 1090 3279 1096 3290; x_wconf 93' lang='lat'>·</span> <span class='ocrx_word' id='word_1_201' title='bbox 1108 3240 1308 3306; x_wconf 88' lang='lat' dir='ltr'>medietatem</span> <span class='ocrx_word' id='word_1_202' title='bbox 1322 3237 1471 3305; x_wconf 82' lang='lat' dir='ltr'>videlicet</span> <span class='ocrx_word' id='word_1_203' title='bbox 1484 3239 1519 3302; x_wconf 93' lang='lat' dir='ltr'>in</span> <span class='ocrx_word' id='word_1_204' title='bbox 1533 3237 1618 3304; x_wconf 89' lang='lat' dir='ltr'>omni</span> <span class='ocrx_word' id='word_1_205' title='bbox 1633 3238 1711 3302; x_wconf 87' lang='lat' dir='ltr'>festo</span> <span class='ocrx_word' id='word_1_206' title='bbox 1726 3236 1822 3302; x_wconf 87' lang='lat' dir='ltr'>Pasce</span> <span class='ocrx_word' id='word_1_207' title='bbox 1836 3249 1868 3302; x_wconf 88' lang='lat' dir='ltr'>et</span> 
     </span>
     <span class='ocr_line' id='line_1_22' title="bbox 485 3339 1869 3432; baseline -0.004 -22"><span class='ocrx_word' id='word_1_208' title='bbox 485 3346 577 3412; x_wconf 92' lang='lat' dir='ltr'>aliam</span> <span class='ocrx_word' id='word_1_209' title='bbox 591 3345 790 3412; x_wconf 88' lang='lat' dir='ltr'>medietatem</span> <span class='ocrx_word' id='word_1_210' title='bbox 809 3345 843 3410; x_wconf 92' lang='lat' dir='ltr'>in</span> <span class='ocrx_word' id='word_1_211' title='bbox 858 3345 944 3410; x_wconf 91' lang='lat' dir='ltr'>omni</span> <span class='ocrx_word' id='word_1_212' title='bbox 962 3346 1040 3411; x_wconf 89' lang='lat' dir='ltr'>sesto</span> <span class='ocrx_word' id='word_1_213' title='bbox 1057 3345 1164 3412; x_wconf 88' lang='lat' dir='ltr'>Sancti</span> <span class='ocrx_word' id='word_1_214' title='bbox 1179 3343 1345 3411; x_wconf 84' lang='lat' dir='ltr'>Michaelis</span> <span class='ocrx_word' id='word_1_215' title='bbox 1361 3383 1367 3396; x_wconf 92' lang='lat'><strong>·</strong></span> <span class='ocrx_word' id='word_1_216' title='bbox 1384 3343 1428 3408; x_wconf 84' lang='lat' dir='ltr'>Et</span> <span class='ocrx_word' id='word_1_217' title='bbox 1446 3344 1540 3410; x_wconf 88' lang='lat' dir='ltr'>liceat</span> <span class='ocrx_word' id='word_1_218' title='bbox 1554 3341 1702 3432; x_wconf 85' lang='lat' dir='ltr'>predictis</span> <span class='ocrx_word' id='word_1_219' title='bbox 1716 3339 1818 3406; x_wconf 90' lang='lat' dir='ltr'>Priori</span> <span class='ocrx_word' id='word_1_220' title='bbox 1837 3355 1869 3406; x_wconf 88' lang='lat' dir='ltr'>et</span> 
     </span>
     <span class='ocr_line' id='line_1_23' title="bbox 487 3447 1868 3536; baseline -0.002 -21"><span class='ocrx_word' id='word_1_221' title='bbox 487 3451 655 3516; x_wconf 85' lang='lat' dir='ltr'>conventui</span> <span class='ocrx_word' id='word_1_222' title='bbox 674 3463 707 3516; x_wconf 88' lang='lat' dir='ltr'>et</span> <span class='ocrx_word' id='word_1_223' title='bbox 725 3449 949 3516; x_wconf 86' lang='lat' dir='ltr'>successoribus</span> <span class='ocrx_word' id='word_1_224' title='bbox 972 3447 1035 3514; x_wconf 90' lang='lat' dir='ltr'>suis</span> <span class='ocrx_word' id='word_1_225' title='bbox 1058 3449 1233 3536; x_wconf 89' lang='lat' dir='ltr'>predictum</span> <span class='ocrx_word' id='word_1_226' title='bbox 1256 3461 1470 3514; x_wconf 88' lang='lat' dir='ltr'>tenementum</span> <span class='ocrx_word' id='word_1_227' title='bbox 1496 3472 1539 3514; x_wconf 85' lang='lat' dir='ltr'>ex</span> <span class='ocrx_word' id='word_1_228' title='bbox 1563 3470 1758 3534; x_wconf 89' lang='lat' dir='ltr'>quacumque</span> <span class='ocrx_word' id='word_1_229' title='bbox 1781 3461 1868 3534; x_wconf 86' lang='lat' dir='ltr'>parte</span> 
     </span>
     <span class='ocr_line' id='line_1_24' title="bbox 486 3552 1868 3644; baseline 0 -25"><span class='ocrx_word' id='word_1_230' title='bbox 486 3556 641 3622; x_wconf 89' lang='lat' dir='ltr'>voluerint</span> <span class='ocrx_word' id='word_1_231' title='bbox 655 3580 711 3643; x_wconf 93' lang='lat' dir='ltr'>pro</span> <span class='ocrx_word' id='word_1_232' title='bbox 725 3554 865 3644; x_wconf 88' lang='lat' dir='ltr'>predicto</span> <span class='ocrx_word' id='word_1_233' title='bbox 880 3555 1005 3620; x_wconf 90' lang='lat' dir='ltr'>redditu</span> <span class='ocrx_word' id='word_1_234' title='bbox 1019 3555 1167 3641; x_wconf 88' lang='lat' dir='ltr'>quociens</span> <span class='ocrx_word' id='word_1_235' title='bbox 1181 3579 1200 3619; x_wconf 91' lang='lat' dir='ltr'>a</span> <span class='ocrx_word' id='word_1_236' title='bbox 1213 3567 1295 3620; x_wconf 91' lang='lat' dir='ltr'>retro</span> <span class='ocrx_word' id='word_1_237' title='bbox 1309 3553 1404 3620; x_wconf 86' lang='lat' dir='ltr'>fuerit</span> <span class='ocrx_word' id='word_1_238' title='bbox 1419 3553 1602 3642; x_wconf 82' lang='lat' dir='ltr'>distringere</span> <span class='ocrx_word' id='word_1_239' title='bbox 1617 3567 1649 3619; x_wconf 89' lang='lat' dir='ltr'>et</span> <span class='ocrx_word' id='word_1_240' title='bbox 1663 3552 1868 3619; x_wconf 89' lang='lat' dir='ltr'>districtiones</span> 
     </span>
     <span class='ocr_line' id='line_1_25' title="bbox 486 3658 1867 3750; baseline -0.002 -24"><span class='ocrx_word' id='word_1_241' title='bbox 486 3687 583 3748; x_wconf 90' lang='lat' dir='ltr'>usque</span> <span class='ocrx_word' id='word_1_242' title='bbox 599 3661 638 3728; x_wconf 86' lang='lat' dir='ltr'>ad</span> <span class='ocrx_word' id='word_1_243' title='bbox 652 3661 821 3750; x_wconf 86' lang='lat' dir='ltr'>plenariam</span> <span class='ocrx_word' id='word_1_244' title='bbox 837 3660 913 3726; x_wconf 90' lang='lat' dir='ltr'>dicti</span> <span class='ocrx_word' id='word_1_245' title='bbox 928 3661 1068 3726; x_wconf 89' lang='lat' dir='ltr'>redditus</span> <span class='ocrx_word' id='word_1_246' title='bbox 1090 3660 1280 3726; x_wconf 88' lang='lat' dir='ltr'>solucionem</span> <span class='ocrx_word' id='word_1_247' title='bbox 1303 3659 1445 3726; x_wconf 87' lang='lat' dir='ltr'>retinere.</span> <span class='ocrx_word' id='word_1_248' title='bbox 1489 3660 1529 3725; x_wconf 90' lang='lat' dir='ltr'>In</span> <span class='ocrx_word' id='word_1_249' title='bbox 1551 3660 1640 3747; x_wconf 90' lang='lat' dir='ltr'>cujus</span> <span class='ocrx_word' id='word_1_250' title='bbox 1663 3658 1708 3725; x_wconf 89' lang='lat' dir='ltr'>rei</span> <span class='ocrx_word' id='word_1_251' title='bbox 1731 3658 1867 3724; x_wconf 84' lang='lat' dir='ltr'>testimo·</span> 
     </span>
     <span class='ocr_line' id='line_1_26' title="bbox 486 3763 1868 3854; baseline 0.002 -25"><span class='ocrx_word' id='word_1_252' title='bbox 486 3766 573 3831; x_wconf 92' lang='lat' dir='ltr'>nium</span> <span class='ocrx_word' id='word_1_253' title='bbox 588 3765 662 3831; x_wconf 86' lang='lat' dir='ltr'>huie</span> <span class='ocrx_word' id='word_1_254' title='bbox 677 3764 846 3830; x_wconf 83' lang='lat' dir='ltr'>dividenda</span> <span class='ocrx_word' id='word_1_255' title='bbox 866 3763 968 3850; x_wconf 89' lang='lat' dir='ltr'>sigilla</span> <span class='ocrx_word' id='word_1_256' title='bbox 981 3763 1122 3851; x_wconf 91' lang='lat' dir='ltr'>parcium</span> <span class='ocrx_word' id='word_1_257' title='bbox 1141 3764 1316 3831; x_wconf 89' lang='lat' dir='ltr'>alternatim</span> <span class='ocrx_word' id='word_1_258' title='bbox 1335 3776 1407 3830; x_wconf 91' lang='lat' dir='ltr'>sunt</span> <span class='ocrx_word' id='word_1_259' title='bbox 1426 3787 1569 3854; x_wconf 88' lang='lat' dir='ltr'>appensa.</span> <span class='ocrx_word' id='word_1_260' title='bbox 1614 3765 1733 3831; x_wconf 89' lang='lat' dir='ltr'>Datum</span> <span class='ocrx_word' id='word_1_261' title='bbox 1747 3765 1868 3833; x_wconf 87' lang='lat' dir='ltr'>Dublin</span> 
     </span>
     <span class='ocr_line' id='line_1_27' title="bbox 486 3869 1049 3961; baseline -0.004 -25"><span class='ocrx_word' id='word_1_262' title='bbox 486 3873 519 3936; x_wconf 89' lang='lat' dir='ltr'>in</span> <span class='ocrx_word' id='word_1_263' title='bbox 534 3871 643 3961; x_wconf 88' lang='lat' dir='ltr'>vigilio</span> <span class='ocrx_word' id='word_1_264' title='bbox 658 3872 754 3937; x_wconf 88' lang='lat' dir='ltr'>Pasce</span> <span class='ocrx_word' id='word_1_265' title='bbox 769 3893 850 3936; x_wconf 89' lang='lat' dir='ltr'>anno</span> <span class='ocrx_word' id='word_1_266' title='bbox 863 3869 1049 3958; x_wconf 89' lang='lat' dir='ltr'>supradicto.</span> 
     </span>
    </p>
   </div>
   <div class='ocr_carea' id='block_1_5' title="bbox 0 0 2147 5412">
    <p class='ocr_par' dir='ltr' id='par_1_6' title="bbox 0 0 2147 5412">
     <span class='ocr_line' id='line_1_28' title="bbox 0 0 2147 5412; baseline 0 0"><span class='ocrx_word' id='word_1_267' title='bbox 0 0 2147 5412; x_wconf 95' lang='lat' dir='ltr'> </span> 
     </span>
    </p>
   </div>
  </div>
 </body>
</html>
