4284 5412
98 3528 101 3591 l

5 3610 103 4084 l

993 649 1039 720 29

316 807 452 897 presenti
471 821 555 874 carta
569 805 765 874 confirmasse
780 804 913 895 Hugoni
928 807 967 874 de
983 808 1084 874 Ponte
1107 820 1139 874 et
1152 807 1321 874 heredibus
1339 807 1402 874 suis
1423 809 1580 896 quandam
1595 819 1709 874 terram

315 933 451 981 nostram
466 938 560 1001 quam
570 912 765 980 habemusde
777 911 1079 978 donoBartlrolomei
1095 911 1135 978 de
1147 911 1280 978 Camere
1294 925 1384 978 extra
1398 913 1559 980 simulem
1568 913 1709 981 Dublin·

315 1020 434 1088 scilicet
447 1021 534 1086 illam
549 1043 611 1107 que
623 1031 670 1085 est
682 1017 765 1084 inter
775 1032 889 1085 terram
900 1017 1094 1083 infirmorum
1105 1018 1214 1085 Sancti
1230 1017 1382 1107 Stephani
1397 1032 1430 1084 et
1439 1019 1524 1086 viam
1535 1044 1596 1106 que
1607 1021 1711 1087 tendit

317 1141 437 1214 aporta
458 1137 562 1190 nostra
584 1146 683 1210 usque
705 1122 746 1189 ad
760 1135 886 1188 stratam
904 1145 964 1207 que
980 1123 1082 1188 tendit
1101 1148 1120 1190 a
1142 1124 1270 1190 civitate
1285 1124 1408 1191 Dublin
1423 1151 1529 1192 versus
1544 1128 1709 1195 Dunham·

317 1230 411 1298 broch
422 1269 429 1284 ·
440 1245 473 1296 et
486 1229 568 1296 inter
582 1227 714 1295 eandem
729 1240 855 1293 suanm
870 1239 903 1293 et
916 1241 1030 1294 terram
1045 1251 1140 1313 quam
1153 1228 1314 1294 Joharmes
1329 1229 1461 1319 Hareng
1474 1244 1560 1298 tenet
1572 1267 1579 1285 ·
1591 1233 1709 1300 haben-

318 1336 387 1402 dam
402 1349 434 1402 et
444 1335 612 1402 tenendam
623 1335 663 1401 de
677 1334 768 1400 nobis
783 1335 843 1400 sibi
854 1348 887 1399 et
900 1333 1067 1400 heredibus
1082 1334 1146 1400 suis
1160 1334 1257 1402 libere
1273 1335 1378 1422 quiete
1393 1338 1522 1425 pacifice
1537 1353 1569 1405 et
1583 1340 1709 1406 honori-

318 1443 373 1510 fice
391 1443 513 1531 integre
533 1457 566 1508 et
584 1441 731 1530 plenarie.
774 1441 875 1508 Nobis
898 1441 972 1508 inde
994 1441 1156 1508 annuatim
1182 1443 1342 1511 reddendo
1365 1445 1432 1532 ipse
1453 1459 1485 1512 et
1505 1446 1635 1514 heredes
1661 1449 1709 1514 sui

319 1550 479 1616 dimidiam
494 1574 629 1616 marcam
644 1549 765 1638 argenti
780 1549 820 1616 ad
835 1550 913 1616 duos
928 1550 1077 1616 terminos
1098 1551 1173 1616 anni
1190 1589 1197 1602 ·
1212 1551 1332 1618 scilicet
1346 1553 1554 1641 quadraginta
1567 1554 1709 1620 denarios

320 1655 388 1740 [ad]
405 1654 518 1720 festum
533 1655 687 1722 Omnium
700 1656 886 1723 Sanctorum
900 1671 932 1723 et
943 1658 1150 1747 quadraginta
1161 1658 1304 1724 denarios
1318 1660 1358 1725 ad
1373 1659 1486 1724 festum
1499 1660 1708 1727 Pentecosten.

318 1763 359 1828 llt
372 1787 430 1828 noa
444 1762 560 1830 dictam
576 1779 688 1830 terram
704 1764 788 1831 dicto
803 1766 935 1854 Hugoni
950 1781 983 1832 et
996 1766 1164 1833 heredibus
1186 1766 1250 1833 suis
1265 1767 1535 1834 warantizabimus
1549 1767 1583 1832 in
1598 1791 1707 1855 perpe·

316 1885 411 1936 tuum.
456 1870 551 1953 Quod
565 1871 591 1934 si
607 1871 708 1936 dictus
718 1871 816 1958 Hugo
831 1871 882 1936 vel
896 1870 1026 1937 heredes
1041 1871 1108 1955 ejus
1124 1869 1241 1937 dictam
1253 1887 1366 1937 terram
1378 1872 1513 1938 vendere
1529 1872 1580 1938 vel
1591 1873 1706 1961 impig-

316 2001 420 2044 norare
440 1977 597 2044 voluerint
615 1981 716 2067 primo
739 1979 829 2046 nobis
845 1979 977 2045 offerant
993 2017 999 2031 ·
1015 2003 1110 2066 quam
1128 1979 1155 2044 si
1174 1978 1307 2045 retinere
1329 1978 1520 2044 noluerimus
1534 2003 1591 2067 pro
1605 1980 1707 2068 pretio

319 2108 378 2170 quo
393 2085 472 2150 alius
488 2123 495 2136 ·
511 2084 626 2150 faciant
640 2086 714 2152 inde
729 2086 855 2152 libitum
870 2111 988 2152 eorum.
1033 2087 1128 2153 Salvo
1146 2087 1237 2154 nobis
1251 2088 1377 2153 redditu
1392 2088 1617 2176 prenominato.
1662 2089 1709 2155 Ut

319 2203 419 2254 autem
434 2188 493 2254 hec
512 2204 616 2255 nostra
630 2188 762 2256 donacio
778 2192 841 2276 [et]
859 2191 1015 2257 concessio
1037 2207 1103 2256 rata
1122 2205 1155 2256 et
1169 2191 1351 2258 inconcussa
1365 2193 1517 2258 habeatur
1531 2209 1707 2280 presentem

318 2307 429 2358 cartam
455 2294 550 2382 sigilli
573 2296 670 2362 nostri
693 2296 895 2386 impressione
923 2297 1196 2364 communivimus.
1246 2298 1318 2363 Hiis
1344 2299 1475 2364 testibus
1496 2333 1503 2350 ·
1524 2299 1651 2366 domino
1667 2301 1706 2366 R.

321 2399 424 2467 Pn'ore
440 2401 479 2468 de
496 2401 610 2469 Sancta
625 2403 781 2470 Trinitate
798 2441 804 2456 ·
822 2405 975 2493 Gylberto
990 2404 1043 2470 del
1057 2404 1144 2470 Ynet
1159 2441 1166 2457 ·
1183 2404 1221 2470 R.
1237 2404 1277 2470 de
1296 2404 1388 2471 Mora
1403 2442 1410 2455 ·
1427 2404 1570 2470 Gilberto
1590 2405 1683 2472 Wale
1700 2443 1707 2456 ·

319 2503 457 2572 Waltero
473 2505 552 2573 Olut
567 2544 574 2558 ·
591 2507 785 2596 Baldewyno
801 2508 921 2574 Gerran
938 2558 1039 2573 ......
1056 2509 1218 2576 Willelmo
1233 2509 1360 2575 Blundo
1373 2524 1406 2576 et
1420 2510 1498 2578 aliis.

930 2856 1081 2929 XXIV.

344 3039 400 3115 Dr
418 3041 545 3131 uerutus
563 3041 597 3114 tu
614 3041 758 3132 punctis
776 3039 899 3126 sanet
917 3041 1050 3133 &turult
1070 3043 1180 3116 ttattto
1198 3048 1238 3116 au
1256 3045 1382 3119 {ituram
1399 3048 1558 3143 notasse
1575 3049 1679 3137 unu.

416 3251 475 3319 ΕΟ
490 3250 658 3318 indentura
671 3250 753 3318 lacta
766 3252 848 3317 inter
862 3252 1004 3319 Priorem
1023 3267 1056 3319 et
1074 3267 1265 3320 conventum
1280 3254 1392 3320 domus
1407 3256 1559 3323 Omnium
1576 3257 1705 3324 Sancto.

436 3381 507 3424 rum
522 3359 645 3425 Dublin
667 3383 709 3424 ex
733 3373 820 3446 parte
835 3383 898 3425 una
920 3373 954 3426 et
966 3360 1144 3426 Johannem
1161 3361 1246 3449 Tym
1268 3361 1416 3428 clericum
1438 3387 1480 3428 ex
1499 3377 1586 3451 parte
1609 3364 1706 3431 altera

316 3479 442 3532 testatur
458 3506 465 3519 ·
482 3467 568 3554 quod
582 3467 714 3555 predicti
729 3467 821 3533 Prior
839 3481 873 3534 et
890 3481 1062 3534 conventus
1082 3491 1124 3534 ex
1139 3467 1312 3556 ipso[rum]
1328 3467 1470 3533 unanimi
1485 3492 1610 3534 assensu
1629 3493 1704 3534 con·

314 3585 469 3638 cessenmt
483 3587 515 3640 et
529 3573 569 3638 ad
583 3571 705 3638 firmam
720 3572 906 3638 dimiserunt
918 3572 1059 3660 predicto
1070 3571 1091 3637 J
1093 3571 1210 3637 ohanni
1224 3595 1323 3636 unum
1338 3571 1505 3660 gardinum
1520 3597 1593 3639 cum
1608 3575 1704 3662 perti-

314 3681 431 3748 nenciis
454 3680 489 3745 in
514 3680 641 3748 civitate
655 3679 779 3745 Dublin
795 3717 802 3731 ·
814 3679 922 3765 jacens
944 3678 979 3743 in
1004 3677 1153 3744 suburbio
1176 3677 1318 3763 ejusdem
1340 3677 1476 3744 civitatis
1499 3679 1533 3743 in
1556 3682 1705 3768 parochia

304 3785 422 3852 Sancti
434 3785 564 3874 Georgii
575 3785 657 3850 inter
667 3782 857 3849 cimiterium
870 3781 977 3848 Sancti
989 3780 1119 3869 Georgii
1130 3804 1173 3846 ex
1184 3793 1271 3867 parte
1286 3780 1412 3846 australi
1422 3795 1455 3847 et
1465 3795 1578 3848 terram
1588 3784 1705 3850 Prioris

295 3905 416 3956 sancte
427 3890 592 3956 Trinitatis
603 3890 726 3956 Dublin
740 3914 782 3956 ex
793 3903 880 3977 parte
891 3888 1002 3955 boriali
1016 3925 1022 3940 ·
1034 3902 1067 3953 et
1080 3887 1225 3954 extendit
1239 3911 1272 3953 se
1286 3888 1423 3954 anterius
1438 3889 1478 3954 ad
1489 3890 1573 3955 uiam
1584 3892 1703 3980 regiam

297 4020 417 4062 versus
431 3996 583 4063 orientem
598 4021 696 4082 usque
711 3996 751 4063 ad
765 4011 911 4084 stagnum
925 3994 1097 4060 molendini
1110 3993 1206 4082 Regis
1220 4017 1326 4060 versus
1349 3994 1544 4062 occidentem
1561 4034 1568 4048 ·
1583 3998 1702 4064 haben-

295 4104 388 4170 dum
410 4118 443 4170 et
457 4104 628 4170 tenendum
643 4101 999 4192 predictumrgardinum
1022 4122 1096 4165 cum
1116 4097 1316 4185 pertinenciis
1331 4098 1450 4186 prefato
1464 4100 1603 4166 Johanni
1618 4127 1637 4167 a
1651 4103 1703 4168 die

298 4211 513 4278 consectionis
528 4209 724 4298 presencium
749 4233 847 4295 usque
862 4207 902 4274 ad
916 4207 1012 4273 finem
1027 4205 1152 4272 termini
1167 4205 1374 4294 quadraginta
1389 4231 1541 4272 armorum
1557 4208 1702 4296 proxime

298 4317 514 4404 sequencium
531 4316 670 4406 plenarie
693 4314 929 4403 completorum.
972 4312 1147 4379 Reddendo
1166 4311 1241 4377 inde
1261 4311 1422 4378 annuatim
1444 4312 1528 4378 idem
1542 4313 1703 4380 Johannes

301 4421 402 4491 dietis
416 4423 518 4490 Priori
532 4437 565 4490 et
578 4421 748 4490 conventui
763 4435 796 4488 et
809 4420 1034 4488 successoribus
1055 4418 1118 4485 suis
1138 4419 1277 4506 quinque
1299 4419 1413 4486 solidos
1436 4419 1556 4507 argenti
1571 4420 1611 4485 ad
1626 4419 1703 4485 festa

1594 4524 1701 4590 Sancti
