4284 5412
1134 624 1180 710 48

464 807 498 871 in
513 828 623 894 puram
637 817 670 870 et
680 817 862 892 perpetuam
876 803 1076 870 elemosinam
1088 827 1179 869 omne
1186 803 1239 888 jus
1250 815 1390 867 nostrum
1402 800 1487 886 quod
1498 799 1664 866 habuimus
1678 798 1730 864 vel
1739 798 1854 864 habere

464 912 622 1000 potuimus
636 909 688 976 vel
703 909 787 996 quod
802 908 841 974 de
856 921 959 974 cetero
974 907 1089 972 habere
1097 907 1268 994 poterimus
1280 905 1314 970 in
1329 903 1418 968 terris
1432 917 1465 968 ct
1478 903 1654 968 redditibus
1669 902 1725 989 qui
1738 901 1856 968 fuerint

463 1017 597 1084 Walteri
611 1015 669 1081 lilii
685 1013 817 1080 Gerardi
834 1011 969 1078 Palmeri
983 1027 1074 1077 extra
1095 1033 1209 1076 novam
1224 1023 1345 1096 portam
1360 1007 1484 1072 Dublin
1497 1007 1531 1072 in
1553 1007 1676 1072 sinistra
1689 1021 1777 1094 parte
1791 1029 1854 1091 qua

463 1125 528 1189 itur
541 1147 648 1189 versus
670 1136 812 1186 sanctum
827 1120 984 1184 Thomam
998 1155 1004 1170 ·
1016 1117 1206 1206 quequidem
1221 1131 1301 1183 terre
1316 1131 1348 1180 et
1361 1114 1502 1179 redditus
1516 1137 1572 1178 nos
1579 1113 1651 1200 jure
1665 1109 1852 1178 hereditario

463 1227 644 1314 contingere
658 1225 816 1291 debebant
829 1225 978 1292 tenendas
993 1238 1025 1290 et
1038 1224 1197 1291 habendas
1212 1223 1310 1288 dietas
1324 1236 1419 1288 terras
1433 1245 1497 1286 una
1510 1244 1583 1285 cum
1597 1218 1771 1284 redditibus
1784 1240 1854 1304 pre·

463 1331 556 1397 dictis
572 1368 579 1381 ·
594 1329 742 1417 predictis
757 1331 859 1396 Priori
874 1345 906 1396 et
920 1331 1090 1398 conventui
1105 1331 1144 1396 de
1163 1330 1253 1397 nobis
1275 1343 1308 1395 ct
1321 1327 1488 1394 heredibus
1510 1326 1622 1391 nostris
1637 1325 1734 1390 libere
1749 1322 1852 1410 quiete

465 1434 602 1522 plenarie
617 1449 650 1500 et
662 1434 784 1523 integre
798 1436 879 1501 bene
894 1449 926 1501 et
940 1435 1078 1523 pacifice.

527 1538 702 1604 Reddendo
713 1538 787 1604 inde
802 1539 964 1605 annuatim
978 1539 1069 1606 nobis
1080 1540 1131 1606 vel
1141 1539 1310 1606 heredibus
1321 1538 1432 1604 nostris
1443 1536 1606 1604 dimidiam
1617 1537 1729 1602 libram
1744 1535 1852 1603 cimini

466 1644 506 1710 ad
517 1643 631 1709 sestam
647 1642 754 1708 Sancti
769 1641 934 1708 Michaelis
949 1643 1000 1709 vel
1014 1667 1114 1708 unum
1129 1643 1291 1709 denarium
1306 1643 1427 1730 argenti
1442 1666 1498 1730 pro
1513 1642 1598 1707 omni
1614 1641 1745 1708 servicio
1759 1665 1851 1707 exac-

465 1754 550 1818 tione
565 1765 598 1818 et
609 1751 762 1817 demanda
776 1766 808 1816 et
821 1752 914 1824 rebus
928 1749 1058 1816 cunctis.
1102 1749 1147 1814 Et
1167 1773 1223 1836 pro
1239 1749 1297 1814 hac
1319 1763 1423 1814 nostra
1437 1747 1608 1813 donacione
1623 1761 1655 1812 et
1670 1746 1776 1832 quieta
1790 1745 1852 1812 cla·

465 1859 606 1925 macione
621 1857 775 1923 dedenmt
797 1855 887 1923 nobis
901 1855 978 1920 dicti
1000 1853 1091 1920 Prior
1111 1868 1143 1919 et
1164 1869 1336 1918 conventus
1361 1870 1422 1916 tres
1447 1875 1564 1918 marcas
1589 1851 1709 1939 argenti
1729 1865 1762 1917 et
1775 1852 1852 1916 duos

466 1988 612 2032 cranocos
625 1963 774 2030 frumenti
791 2001 799 2016 ·
814 1979 847 2030 et
870 1963 910 2028 ad
929 1963 1010 2028 hanc
1035 1975 1172 2027 nostram
1187 1960 1391 2026 donacionem
1416 1973 1449 2024 et
1468 1959 1606 2044 quietam
1631 1957 1852 2024 clamucionem

466 2069 557 2136 dictis
572 2069 674 2135 Priori
688 2084 720 2135 ct
734 2069 903 2136 conventui
914 2069 1027 2135 saetam
1040 2067 1171 2132 firmiter
1185 2090 1241 2153 pro
1252 2065 1341 2130 nobis
1356 2077 1388 2130 et
1399 2063 1564 2131 heredibus
1579 2063 1689 2128 nostris
1705 2063 1770 2128 sine
1781 2062 1853 2128 dolo

467 2177 698 2264 imperpetuum
720 2175 888 2242 tenendam
908 2213 915 2228 ·
936 2199 992 2241 nos
1007 2175 1099 2240 dictis
1114 2175 1216 2240 Priori
1231 2190 1264 2239 et
1281 2173 1450 2239 conventui
1464 2172 1527 2239 fide
1552 2173 1656 2240 media
1675 2173 1852 2259 juramento

467 2297 571 2348 nostro
591 2282 720 2370 prestito
743 2281 849 2347 omnia
876 2282 958 2347 bona
983 2297 1088 2346 nostra
1110 2280 1240 2346 mobilia
1268 2293 1301 2345 et
1320 2279 1494 2344 immobilia
1519 2279 1678 2366 presencia
1700 2293 1732 2345 et
1750 2279 1854 2345 sutura

470 2387 645 2476 perquesita
659 2400 692 2452 et
710 2385 919 2474 perquirenda
942 2385 1129 2451 subicientes
1145 2422 1152 2437 ·
1168 2408 1225 2449 nos
1247 2383 1491 2450 nichilhominus
1509 2384 1721 2470 jurisdictioni
1736 2384 1854 2450 domini

468 2491 590 2559 Dublin
605 2492 829 2580 archiepiscopi
844 2491 896 2558 vel
910 2493 977 2579 ejus
997 2492 1216 2558 archidiacono
1235 2492 1286 2558 vel
1300 2516 1408 2558 eorum
1432 2491 1618 2558 officialibus
1642 2491 1697 2578 qui
1716 2517 1773 2580 pro
1784 2493 1853 2558 loco

468 2607 501 2660 et
523 2608 662 2682 tempore
680 2593 797 2660 fuerint
814 2633 820 2647 ·
837 2595 922 2680 quod
943 2595 1061 2683 possint
1082 2619 1137 2660 nos
1157 2608 1190 2660 et
1206 2591 1335 2659 heredes
1359 2609 1478 2659 nostros
1501 2609 1605 2661 nostro
1635 2619 1691 2684 per
1713 2621 1854 2664 censuras

468 2700 687 2768 ecclesiasticas
712 2700 898 2788 compellere
921 2700 947 2766 si
972 2723 1096 2766 necesse
1117 2697 1214 2764 fuerit
1237 2698 1277 2764 ad
1299 2697 1416 2764 dictam
1435 2698 1639 2765 donacionem
1662 2715 1695 2766 et
1717 2699 1853 2787 quietam

468 2813 689 2880 clamucionem
703 2811 738 2876 in
752 2825 938 2899 perpetuum
961 2809 1186 2877 observandam
1203 2809 1252 2873 ·si
1275 2834 1352 2875 ausu
1371 2810 1535 2876 temerario
1558 2827 1665 2877 contra
1683 2813 1854 2900 predictam

468 2918 672 2984 donacionem
694 2932 727 2984 et
740 2917 878 3004 quietam
899 2917 1122 2985 clamacionem
1143 2931 1279 2984 nostram
1302 2917 1407 3006 aliquo
1430 2943 1503 2985 casu
1525 2919 1726 3010 contingente
1748 2922 1854 2989 venire

470 3024 755 3114 presumpserimus.

534 3129 600 3196 Nos
614 3153 689 3195 vero
711 3144 744 3196 et
757 3129 886 3196 heredes
908 3129 1005 3195 nostri
1026 3129 1125 3196 dictas
1139 3145 1234 3198 terras
1257 3146 1290 3197 et
1311 3131 1451 3197 redditus
1470 3145 1564 3218 prout
1577 3132 1749 3220 predicitur
1763 3134 1854 3200 dictis

470 3234 571 3301 Priori
591 3249 624 3300 et
642 3233 811 3300 conventui
831 3232 967 3321 plenarie
990 3248 1098 3300 contra
1112 3259 1218 3301 omnes
1239 3235 1381 3301 homines
1402 3251 1434 3302 et
1447 3237 1577 3303 feminas
1588 3241 1855 3308 warantizabimus

471 3343 702 3431 imperpetuum
724 3366 781 3431 per
805 3341 971 3408 servicium
992 3342 1177 3429 predictum.
1221 3343 1266 3409 Et
1290 3357 1326 3408 ut
1346 3344 1403 3410 hec
1417 3361 1521 3411 nostra
1541 3346 1671 3412 donacio
1695 3365 1727 3414 et
1752 3349 1856 3434 quieta

470 3450 619 3517 clamucio
643 3451 756 3516 futuris
779 3449 970 3539 temporibus
996 3452 1091 3518 robur
1116 3452 1256 3540 optineat
1277 3451 1431 3518 firmitatis
1454 3455 1589 3540 presenti
1615 3457 1731 3543 scripto
1755 3457 1856 3546 sigilla

472 3573 576 3624 nostra
590 3559 797 3646 apposuimus.
843 3559 916 3624 Hiis
931 3559 1061 3625 testibus
1074 3597 1081 3612 ·
1094 3560 1243 3648 Philippo
1258 3560 1298 3626 de
1313 3560 1473 3626 Dureham
1489 3574 1564 3627 tunc
1579 3562 1695 3647 majore
1710 3563 1830 3629 Duan
1846 3602 1853 3615 ·

473 3664 622 3753 Philippo
637 3664 702 3731 filio
715 3665 866 3754 Stephani
883 3705 890 3717 ·
910 3666 984 3732 Elia
998 3667 1094 3733 Burel
1109 3680 1183 3734 tunc
1198 3667 1361 3756 prepositis
1377 3707 1384 3720 ·
1401 3669 1540 3736 Henrico
1554 3669 1594 3736 de
1608 3670 1736 3735 Exonia
1751 3707 1758 3722 ·
1773 3670 1855 3735 Wil-

351 3826 354 3834 1
473 3771 568 3837 lelmo
577 3773 616 3839 de
625 3773 802 3840 Flamstede
813 3773 989 3840 ·Willelmo
999 3774 1112 3841 clerico
1125 3813 1132 3827 ·
1145 3775 1336 3863 Randulpho
1345 3776 1473 3842 Baunco
1485 3814 1491 3828 ·
1505 3775 1639 3843 Ricardo
1648 3776 1706 3842 Pel
1716 3813 1723 3828 ·
1734 3775 1857 3864 Rogero

475 3877 572 3944 Olof·
588 3878 729 3945 Waltero
751 3877 903 3966 Spiciario
920 3917 927 3932 ·
944 3880 1088 3946 Johanne
1103 3880 1252 3948 Poincel·
1267 3881 1394 3948 Simone
1417 3881 1447 3948 le
1466 3882 1577 3948 Porter
1594 3920 1601 3934 ·
1618 3882 1720 3948 Hitha
1734 3883 1803 3949 dele
1817 3881 1856 3949 dc

475 3982 650 4050 Klouerdin
663 4023 670 4037 ·
683 3985 822 4053 Henrico
836 3986 948 4053 clerico
962 3985 1111 4078 scriptore
1125 3988 1219 4076 hujus
1233 4003 1317 4057 carte
1331 4005 1363 4056 et
1377 3990 1454 4058 aliis.
