4306 5414
1125 580 1168 650 88

453 766 581 831 ecclesie
604 777 772 829 memorate
788 764 827 828 de
845 763 934 848 eujus
949 762 1096 827 mandato
1120 759 1286 826 sufficienti
1302 757 1469 823 literatorie
1484 756 1565 821 facto
1580 757 1670 822 nobis
1685 758 1845 822 constabat

454 875 493 939 ad
505 875 633 961 plenum
647 910 654 922 ·
666 870 700 934 in
712 868 872 957 presencia
881 881 985 932 nostra
993 865 1186 952 judicialiter
1197 861 1345 928 exhibuit
1355 873 1387 926 et
1398 859 1534 925 ostendit
1547 858 1753 924 instmmenta
1764 859 1847 924 suffi-

453 979 573 1044 ciencia
595 978 701 1043 titulos
721 990 789 1044 acta
808 991 840 1040 et
858 987 1063 1040 munumenta
1083 998 1125 1039 ex
1145 987 1232 1061 parte
1253 969 1423 1036 eorundem
1442 991 1535 1054 super
1554 967 1704 1033 canonica
1727 990 1845 1032 assecu-

454 1085 543 1149 cione
559 1083 642 1149 dicte
664 1082 794 1148 rectoria
813 1094 845 1146 et
864 1080 1098 1168 apropriacione
1113 1079 1254 1164 ejusdem
1268 1079 1312 1142 eis
1327 1077 1407 1142 facta
1422 1076 1669 1142 consolidacione
1692 1090 1725 1140 et
1745 1100 1846 1142 corro-

453 1191 618 1256 boracione
634 1215 669 1256 ac
684 1189 922 1256 confirmacione
937 1190 1084 1254 canonice
1104 1188 1192 1255 factis
1209 1223 1215 1239 ·
1231 1202 1264 1253 et
1283 1185 1415 1273 qualiter
1429 1183 1560 1250 eandem
1582 1183 1615 1247 in
1634 1183 1760 1271 propios
1774 1207 1847 1248 usus

452 1328 508 1391 per
521 1318 644 1391 tempus
659 1316 691 1367 et
705 1314 845 1388 tempora
859 1300 1020 1386 dequibus
1034 1324 1099 1364 non
1114 1312 1203 1365 extat
1213 1297 1363 1364 memoria
1372 1297 1576 1362 obtinuerunt
1584 1306 1616 1360 et
1625 1294 1765 1359 obtinere
1774 1317 1843 1357 nos-

455 1424 569 1475 cuntur
592 1408 705 1495 quibus
728 1406 873 1494 perlectis
896 1406 1052 1472 assultatis
1075 1405 1150 1470 visis
1173 1420 1206 1471 et
1231 1405 1422 1493 adplenum
1447 1403 1614 1470 intellectis
1631 1457 1636 1468 .
1652 1403 1750 1491 peciit
1774 1427 1846 1468 curn

454 1514 569 1579 effectu
583 1512 667 1576 idem
678 1523 858 1598 procurator
873 1511 1000 1577 nomine
1008 1511 1180 1576 eorundem
1195 1512 1311 1576 Prioris
1325 1525 1357 1577 et
1372 1525 1543 1578 conventus
1554 1524 1709 1577 rectorum
1718 1511 1845 1578 ecclesie

455 1632 624 1685 memorate
639 1631 675 1682 ut
696 1616 849 1704 prefertur
866 1651 872 1667 ·
889 1616 973 1702 quod
988 1616 1063 1682 licet
1076 1640 1132 1704 per
1146 1616 1268 1703 lapsum
1283 1616 1436 1680 dictorum
1452 1615 1655 1680 terminorum
1670 1629 1844 1703 perempto·

454 1728 572 1790 riomm
587 1722 758 1789 sentencias
774 1722 955 1788 diffinitivas
970 1737 1002 1789 et
1017 1724 1141 1790 decreta
1152 1737 1259 1789 contra
1273 1723 1355 1811 ipsos
1370 1722 1433 1788 lata
1448 1722 1712 1811 presentacionem
1723 1725 1845 1811 patroni

456 1835 591 1923 pretensi
606 1834 814 1920 inquisionem
829 1834 1047 1901 admissionem
1062 1851 1197 1900 nostram
1212 1834 1444 1900 institucionem
1459 1848 1491 1900 et
1504 1835 1720 1902 inductionem
1729 1861 1845 1901 memo-

455 1955 538 2006 ratos
551 1939 607 2005 lesi
621 1939 752 2005 fuissent
768 1977 774 1991 ·
791 1939 876 2026 quod
891 1965 954 2005 non
969 1941 1138 2006 eredebant
1153 1939 1191 2003 de
1203 1939 1274 2024 jure
1296 1938 1364 2003 fieri
1385 1961 1473 2026 posse
1492 1963 1565 2005 eum
1580 1940 1666 2006 nulla
1680 1940 1791 2006 citacio
1805 1941 1845 2006 ad

457 2047 595 2133 ipsomm
617 2046 669 2111 vel
687 2047 893 2134 procuratoris
912 2048 960 2112 sui
973 2047 1123 2112 noticiam
1144 2045 1288 2134 pervenit
1305 2085 1310 2096 ·
1328 2059 1360 2111 et
1379 2046 1464 2131 quod
1483 2045 1543 2133 ipsi
1563 2047 1684 2113 notorie
1706 2047 1845 2113 absentes

457 2151 627 2217 exitterant
640 2152 675 2215 in
686 2151 794 2216 eadem
809 2151 973 2238 provincia
988 2188 995 2200 ·
1011 2151 1065 2215 ubi
1082 2151 1202 2216 moneri
1218 2165 1387 2238 potuerunt
1402 2165 1434 2216 et
1449 2151 1625 2218 debuerunt
1639 2154 1678 2219 de
1689 2153 1762 2239 jure
1776 2168 1847 2220 ante

457 2283 550 2344 quam
564 2256 636 2323 talia
644 2257 678 2321 in
689 2281 797 2322 eorum
809 2257 1017 2343 prejudicium
1030 2269 1137 2322 eontra
1147 2257 1230 2344 ipsos
1240 2258 1460 2344 quoquomodo
1470 2260 1647 2346 attemptari
1657 2259 1845 2347 potuissent·

458 2366 598 2454 predicta
608 2365 713 2430 omnia
727 2379 759 2431 et
773 2365 897 2453 singula
910 2365 944 2429 in
959 2389 1067 2431 eorum
1082 2364 1291 2453 prejudicium
1306 2377 1489 2452 attemptata
1499 2387 1712 2430 revocaremus
1723 2377 1755 2429 et
1765 2364 1848 2452 ipsos

458 2488 520 2539 tam
535 2471 744 2560 inreligiosis
760 2496 854 2558 quam
875 2471 1003 2537 ecclesie
1018 2471 1156 2537 favorem
1171 2472 1402 2536 restitueremus
1413 2469 1447 2534 in
1462 2469 1620 2558 integrum
1626 2482 1658 2535 et
1666 2470 1763 2535 dictas
1778 2495 1846 2536 sen·

457 2580 574 2646 tencias
596 2591 628 2644 et
646 2579 770 2643 decreta
788 2600 1002 2643 revocaremus
1017 2576 1208 2642 irritaremus
1222 2588 1253 2641 et
1267 2575 1475 2641 anullaremus
1489 2588 1521 2640 et
1535 2574 1664 2640 ulterius
1679 2574 1848 2640 faceremus

457 2711 528 2752 eum
540 2681 752 2749 misericordia
766 2681 851 2768 quod
861 2679 989 2766 justicia
1003 2681 1154 2746 suaderet.
1185 2680 1250 2744 Nos
1266 2679 1460 2745 advertentes
1470 2679 1555 2766 quod
1569 2704 1723 2746 canonum
1738 2693 1770 2744 et
1779 2681 1846 2767 jus·

458 2792 531 2858 tioie
546 2788 773 2856 observacionis
793 2812 899 2852 sumus
920 2787 1075 2854 debitores
1096 2787 1216 2854 nemini
1231 2788 1370 2853 volentes
1391 2788 1425 2852 in
1450 2811 1505 2854 sua
1519 2789 1651 2854 deficere
1661 2789 1789 2875 justicia
1802 2804 1848 2854 set

459 2897 581 2984 poscius
596 2896 760 2962 confovere
775 2895 886 2960 rimato
901 2909 966 2961 toto
978 2899 1048 2981 jure
1063 2895 1221 2961 dictorum
1235 2895 1449 2983 religiosorum
1469 2895 1608 2960 virorum
1622 2919 1715 2983 super
1729 2920 1847 2962 assecu-

459 3003 550 3069 cione
565 3003 647 3068 dicte
662 3001 792 3068 rectorie
807 3001 889 3089 ipsos
902 3041 909 3054 ·
921 3002 947 3067 si
962 3017 994 3069 et
1009 3017 1162 3089 quatenus
1175 3003 1231 3068 lesi
1243 3002 1415 3068 exitteraut
1428 3025 1521 3089 super
1535 3001 1690 3089 premissis
1705 3000 1849 3066 omnibus

459 3126 490 3176 et
502 3109 632 3198 singulis
644 3109 789 3174 adversus
798 3107 978 3193 hujusmodi
988 3106 1120 3173 lesioues
1134 3106 1160 3172 si
1174 3106 1230 3172 lesi
1241 3104 1358 3172 fuerint
1374 3143 1381 3157 ·
1396 3105 1430 3169 in
1441 3104 1598 3193 integrum
1609 3106 1800 3171 restituimus
1809 3104 1849 3170 ad

459 3214 629 3279 terminum
645 3237 699 3280 seu
719 3212 867 3278 terminos
887 3211 1034 3276 omissum
1054 3225 1087 3277 et
1108 3210 1236 3275 omissos
1257 3223 1290 3277 et
1308 3210 1390 3297 ipsos
1405 3211 1591 3277 sufficientes
1605 3211 1713 3278 titulos
1728 3236 1846 3278 assecu-

460 3321 558 3387 cionis
574 3335 605 3385 et
620 3318 861 3409 apropriacionis
876 3317 959 3383 dicte
974 3318 1104 3384 rectorie
1119 3316 1299 3382 exhibuisse
1315 3333 1347 3382 et
1361 3317 1529 3382 ostendisse
1540 3331 1573 3383 et
1585 3317 1735 3406 legitimis
1749 3318 1848 3384 titulis

461 3427 597 3492 munitos
612 3451 676 3492 esse
692 3425 884 3491 declaramus
891 3424 1054 3509 justosque
1065 3439 1097 3490 et
1111 3423 1275 3489 canonicos
1284 3447 1468 3512 possessores
1483 3423 1566 3489 dicte
1575 3425 1705 3491 rectoria
1717 3425 1808 3492 fuisse
1818 3441 1850 3492 et

461 3557 526 3598 esse
540 3546 572 3598 et
585 3532 725 3621 legitime
740 3531 871 3598 eandem
883 3543 1035 3596 assecutos
1049 3555 1114 3595 esse
1125 3554 1198 3595 cum
1209 3530 1271 3594 suis
1278 3529 1402 3615 juribus
1416 3544 1448 3595 et
1462 3530 1663 3617 pertinenciis
1677 3532 1847 3598 universis·

460 3640 620 3725 dictasque
635 3639 805 3705 sentencias
820 3653 852 3704 et
866 3639 990 3704 decreta
1004 3650 1036 3703 et
1050 3637 1200 3724 quicquid
1215 3661 1257 3702 ex
1278 3637 1352 3725 ipsis
1371 3649 1512 3703 secutum
1522 3691 1524 3698 Α
1535 3637 1683 3703 exitterat
1697 3661 1794 3705 cassas
1808 3638 1849 3702 ir-

461 3744 535 3809 ritas
548 3769 661 3811 vacuas
676 3745 783 3811 inanes
802 3757 834 3810 et
852 3744 953 3811 nullas
970 3783 976 3798 ·
993 3744 1176 3831 dictumque
1197 3743 1376 3809 institutum
1390 3743 1514 3808 nullum
1524 3744 1578 3829 jus
1592 3769 1647 3810 seu
1661 3744 1788 3810 titulum
1806 3767 1849 3809 ex

461 3850 693 3938 presentacione
708 3849 897 3916 admiscione
911 3849 1110 3915 institucione
1124 3849 1240 3915 babere
1255 3849 1305 3914 vel
1320 3848 1463 3914 habuisse
1475 3887 1481 3900 ·
1491 3851 1733 3936 pronunciamus
1744 3850 1777 3915 in
1788 3850 1850 3916 hiis

461 3957 583 4046 scriptis
593 3957 721 4043 justicia
734 3959 900 4024 mediante.
945 3959 983 4023 In
995 3981 1128 4044 quorum
1144 3956 1284 4022 omnium
1299 3970 1331 4024 et
1344 3956 1538 4046 singulomm
1553 3959 1766 4026 testimonium
1781 3985 1850 4049 pre-

462 4080 562 4131 sentes
576 4065 680 4132 literas
694 4066 797 4154 sigillo
812 4081 916 4132 nostro
931 4068 1065 4155 signatas
1079 4065 1171 4131 dictis
1185 4065 1287 4130 Priori
1302 4080 1333 4131 et
1348 4067 1516 4133 conventui
1531 4068 1701 4134 rectoribus
1721 4067 1850 4135 ecclesie

461 4187 629 4239 memorate
645 4172 685 4239 ad
699 4185 881 4261 perpetuam
896 4171 941 4237 rei
955 4170 1137 4237 memoriam
1146 4170 1213 4234 fieri
1228 4169 1357 4235 fecimus
1369 4183 1508 4258 patentes
1523 4185 1555 4238 et
1569 4172 1707 4238 infidam
1721 4172 1850 4262 premis-

462 4303 575 4344 sorum.
621 4278 705 4345 Data
728 4278 812 4367 apud
837 4278 959 4367 Maglas
983 4317 990 4331 ·
1013 4278 1071 4342 xvi
1095 4317 1101 4330 ·
1123 4277 1174 4344 die
1199 4277 1330 4343 menscis
1355 4279 1497 4344 Januarii
1515 4305 1596 4347 anno
1621 4281 1850 4347 domini-111⁰·

461 4397 550 4451 ccemo
567 4425 572 4436 ·
594 4385 852 4474 quinquagesimo
864 4386 996 4473 septimo
1010 4399 1042 4452 et
1056 4383 1254 4472 pontificatus
1269 4384 1365 4451 nostri
1380 4403 1498 4452 octavo.

1791 4495 1852 4563 IV.
