4284 5412
1145 617 1187 662 10

462 771 555 858 justis
569 771 669 837 modis
681 787 834 861 prestante
846 773 985 838 Domino
995 773 1136 861 poteritis
1151 771 1281 861 adipisci
1293 809 1300 823 ·
1311 771 1369 838 sub
1379 771 1464 838 beati
1476 770 1562 836 Petri
1574 781 1606 834 et
1616 782 1720 836 nostra
1733 783 1854 858 protec-

465 878 550 943 tione
570 877 762 966 suscipimus.
808 877 991 966 Speoialiter
1004 891 1109 944 autem
1123 891 1219 944 terras
1234 876 1343 942 domos
1362 875 1503 942 redditus
1517 875 1721 963 possessiones
1742 899 1777 941 ac
1796 876 1855 942 alia

466 985 548 1050 bona
561 997 663 1048 vestra
684 983 765 1049 sicut
778 1006 816 1048 ea
829 981 935 1047 omnia
940 982 1024 1067 juste
1039 1005 1074 1048 ao
1085 981 1213 1069 pacifice
1228 979 1396 1069 possidetis
1412 1017 1420 1032 ·
1435 980 1525 1046 vobis
1539 995 1572 1046 et
1582 1005 1637 1068 per
1652 1004 1707 1045 vos
1726 980 1855 1048 ecclesie

466 1104 566 1155 vestre
581 1089 763 1155 auctoritate
778 1089 944 1178 apostolica
958 1091 1175 1156 confirmamus
1189 1105 1222 1156 et
1237 1089 1386 1177 presentis
1402 1087 1509 1176 scripti
1526 1087 1700 1176 patrocinio
1715 1113 1853 1154 commu·

466 1196 577 1260 nimus.
621 1194 710 1260 Nulli
722 1219 796 1284 ergo
811 1197 938 1262 omnino
953 1196 1117 1262 hominum
1127 1198 1220 1263 liceat
1233 1197 1315 1263 hanc
1327 1197 1474 1285 paginam
1489 1209 1593 1260 nostre
1607 1194 1808 1282 protectionis
1822 1208 1855 1260 et

465 1301 712 1366 confirmacionis
726 1302 895 1390 infringere
909 1303 960 1368 vel
975 1303 1004 1368 ei
1026 1328 1103 1370 ausu
1124 1303 1288 1370 temerario
1310 1302 1472 1369 contraire.
1519 1301 1553 1366 Si
1577 1300 1646 1386 quis
1669 1315 1774 1365 antem
1793 1299 1853 1364 hoo

467 1421 650 1494 attemptare
673 1407 893 1495 presumpserit
905 1407 1158 1496 indignacionem
1180 1407 1404 1496 omnipotentis
1419 1407 1482 1472 Dei
1496 1421 1528 1472 et
1542 1407 1704 1472 beatorum
1719 1403 1805 1470 Petri
1819 1419 1852 1469 et

466 1513 558 1578 Pauli
573 1513 781 1600 apostolorum
796 1515 863 1600 ejus
877 1539 909 1581 se
924 1516 1046 1582 noverit
1059 1517 1264 1584 incursurum.
1296 1516 1415 1581 Datum
1428 1513 1579 1602 Lugduni
1595 1513 1666 1579 Kal.
1682 1510 1848 1579 Octobris·

467 1620 670 1685 Pontificatus
685 1620 781 1686 nostri
796 1644 878 1686 anno
892 1636 1011 1688 octavo.

1124 1946 1191 2018 VI.

798 2129 1014 2205 truttmunt
1031 2142 1059 2202 rt
1076 2130 1215 2222 proruto
1231 2129 1390 2216 tttatttnt
1407 2129 1513 2222 turpe.

565 2318 697 2383 Artinus
719 2317 882 2405 episcopus
904 2341 1011 2383 servus
1033 2341 1191 2384 servorum
1211 2318 1273 2383 Dei
1289 2316 1411 2383 dilectis
1424 2315 1497 2382 filiis
1511 2316 1613 2382 Priori
1627 2331 1659 2383 et
1677 2317 1846 2384 conventui

585 2423 762 2490 monasterii
774 2423 926 2489 Omnium
936 2421 1121 2489 Sanctorum
1131 2423 1227 2509 juxte
1235 2423 1357 2490 Dnblin
1368 2447 1424 2512 per
1434 2422 1574 2489 Priorem
1589 2423 1670 2488 soliti
1682 2425 1848 2512 gubernari

462 2533 594 2598 salntem
613 2545 645 2596 et
670 2527 870 2617 apostolicam
888 2529 1148 2596 benedictionem.
1194 2530 1395 2598 Sacrosanota
1413 2529 1554 2596 Romana
1577 2530 1706 2597 ecclesia
1720 2530 1848 2596 devotos

461 2657 493 2708 et
507 2640 641 2708 humiles
654 2638 735 2703 filios
754 2661 796 2702 ex
817 2650 936 2703 assuete
952 2636 1075 2724 pietatis
1094 2636 1196 2702 officio
1218 2637 1400 2726 propensius
1414 2635 1544 2724 diligere
1564 2638 1725 2704 consuevit
1740 2675 1746 2688 ·
1763 2653 1795 2704 et
1808 2663 1848 2704 ne

462 2770 630 2837 pravorum
643 2744 807 2810 hominum
821 2743 970 2809 molestiis
989 2744 1146 2832 agitentur
1164 2767 1216 2809 eos
1231 2759 1380 2830 tanquam
1395 2743 1448 2832 pia
1462 2756 1561 2808 mater
1579 2767 1633 2808 sua
1648 2743 1848 2831 protectionis

462 2856 636 2922 munimine
650 2852 823 2919 confovere.

527 2961 576 3026 Ea
590 2973 715 3048 propter
726 2955 832 3021 dilecti
846 2956 880 3020 in
892 2956 1030 3021 Domino
1040 2955 1099 3020 filii
1113 2955 1222 3021 vestris
1233 2955 1327 3044 justis
1341 2954 1604 3046 postulacionibus
1618 2966 1705 3042 grato
1720 2977 1847 3020 concur·

461 3079 563 3131 rentes
578 3086 700 3129 assensu
713 3099 719 3112 ·
730 3083 875 3148 personas
886 3071 1001 3124 vestras
1015 3071 1047 3124 et
1057 3058 1161 3124 locum
1171 3059 1206 3124 in
1219 3084 1282 3145 quo
1293 3059 1366 3125 estis
1377 3059 1485 3125 divino
1497 3058 1645 3144 obsequio
1660 3059 1827 3146 mancipati
1840 3097 1847 3109 ·

462 3196 534 3237 cum
549 3169 694 3236 omnibus
707 3166 797 3233 bonis
812 3189 873 3252 que
887 3167 922 3230 in
935 3165 1165 3254 presenciarum
1179 3167 1408 3234 racionabiliter
1421 3165 1584 3255 possidetis
1598 3179 1652 3232 aut
1665 3166 1700 3230 in
1709 3165 1849 3231 futurum

457 3277 550 3362 justis
565 3274 664 3340 modis
680 3285 836 3362 prestante
852 3271 989 3336 Domino
1004 3271 1145 3360 poteritis
1164 3272 1295 3361 adipisci
1312 3312 1317 3324 ·
1335 3275 1393 3339 sub
1407 3271 1491 3338 beati
1506 3271 1592 3336 Petri
1611 3286 1643 3337 et
1660 3285 1764 3337 nostra
1777 3295 1847 3360 pro·

461 3384 596 3450 tectione
612 3380 806 3469 suscipimus.
852 3379 1035 3467 Specialiter
1054 3393 1158 3446 autem
1173 3393 1268 3446 terras
1283 3379 1390 3445 domos
1404 3378 1608 3467 possessiones
1622 3379 1765 3468 grangias
1779 3379 1847 3446 red-

463 3491 547 3554 ditus
561 3502 648 3577 prata
665 3487 757 3552 silvas
777 3485 957 3552 molendina
970 3498 1003 3552 et
1020 3486 1081 3552 alia
1094 3487 1177 3552 bona
1189 3499 1292 3552 vestra
1306 3486 1386 3552 sicut
1402 3509 1440 3551 ea
1458 3484 1563 3551 omnia
1572 3485 1656 3572 juste
1674 3499 1707 3550 et
1721 3485 1848 3574 pacifice

464 3593 625 3681 possidetis
638 3631 644 3643 ·
657 3592 746 3658 vobis
761 3605 793 3657 et
803 3616 859 3679 per
870 3615 925 3657 vos
938 3605 1041 3657 vestro
1055 3591 1240 3658 monasterio
1256 3591 1436 3658 auctoritate
1451 3591 1617 3678 apostolica
1632 3591 1848 3658 confirmamus

463 3714 495 3765 et
510 3699 659 3786 presentis
673 3697 778 3786 scripti
793 3697 967 3786 patrocinio
981 3698 1218 3763 communimus.
1248 3697 1338 3763 Nulli
1352 3723 1426 3787 ergo
1441 3696 1568 3762 omnino
1582 3697 1745 3762 hominum
1757 3697 1849 3764 liceat

464 3807 545 3873 hanc
559 3805 705 3894 paginam
725 3819 828 3871 nostre
843 3805 1043 3894 protectionis
1062 3819 1094 3872 et
1107 3806 1354 3873 confirmacionis
1368 3805 1537 3894 infringere
1551 3804 1602 3871 vel
1616 3804 1646 3872 ei
1661 3830 1737 3870 ausu
1752 3819 1847 3872 teme-

464 3911 544 3977 rario
569 3914 730 3978 contraire.
776 3909 812 3978 si
837 3912 906 3998 quis
932 3929 1037 3980 autem
1058 3913 1119 3979 hoo
1144 3925 1327 4001 attemptare
1352 3911 1573 4002 presumpserit
1597 3910 1848 4000 indignacionem

465 4015 686 4104 omnipotentis
701 4015 762 4082 Dei
777 4030 810 4082 et
822 4018 985 4085 beatomm
999 4020 1086 4086 Petri
1100 4032 1133 4086 et
1147 4019 1238 4087 Pauli
1253 4021 1461 4109 apostolorum
1476 4020 1543 4106 ejus
1562 4043 1595 4085 se
1609 4019 1732 4085 noverit
1745 4019 1849 4086 incur·

465 4149 579 4190 surum.
623 4125 742 4190 Datum
757 4123 899 4192 Bononio
914 4126 955 4192 vi.
973 4125 1082 4193 Kalen.
1098 4125 1120 4192 J
1122 4125 1187 4191 ulii.
1231 4125 1434 4193 Pontificatus
1448 4125 1544 4191 nostri
1559 4149 1640 4191 anno
1655 4137 1773 4210 quarto.
