4284 5412
1127 631 1173 699 60

459 809 512 875 lan
534 809 743 897 spectantibus
758 808 928 896 poterimus
949 807 1077 896 exigere
1099 809 1150 874 vel
1165 809 1328 874 vendicare
1343 808 1378 873 in
1393 823 1587 896 perpetuum.
1632 812 1670 875 In
1693 813 1781 896 eujus
1802 813 1846 876 rei

459 916 672 984 testimonium
687 916 881 1004 presentibus
895 916 993 982 literis
1008 916 1147 1005 sigillum
1161 941 1266 983 meum
1286 918 1425 1006 apposui.
1470 918 1542 983 Hiis
1557 919 1686 984 testibus
1700 958 1706 969 ·
1719 920 1846 984 domino

460 1021 598 1088 Roberto
610 1022 721 1110 Bagod
735 1036 811 1087 tunc
825 1021 845 1086 J
848 1019 1003 1086 usticiario
1019 1021 1058 1088 de
1073 1021 1179 1086 Banco
1193 1061 1199 1073 ·
1213 1022 1337 1087 Thema
1351 1023 1390 1088 de
1402 1022 1546 1110 Hysham
1561 1022 1743 1088 vicecomite
1755 1023 1845 1088 Dub-

460 1134 506 1198 lin
522 1134 592 1199 ·W.
609 1135 648 1199 de
668 1132 795 1197 Bristoll
819 1145 895 1197 tunc
917 1131 1034 1217 majore
1049 1131 1172 1198 Dublin
1187 1171 1194 1182 ·
1211 1131 1338 1196 domino
1353 1130 1427 1196 Ada
1443 1131 1527 1196 Petit
1543 1130 1689 1196 ·domino
1704 1130 1847 1195 Wlfranc

461 1241 594 1306 Bemale
616 1279 622 1291 ·
643 1238 779 1304 Geraldo
799 1238 908 1326 Tyrell
930 1277 936 1290 ·
956 1237 1118 1304 Willelmc
1138 1238 1224 1303 Petit
1240 1276 1247 1288 ·
1263 1236 1425 1302 Willelmo
1444 1237 1661 1325 Balygodman
1679 1275 1685 1287 ·
1702 1236 1847 1302 «iohanne

461 1346 620 1411 Wodelok
633 1384 640 1395 ·
652 1345 806 1410 Nicholao
819 1345 959 1434 Skybras
973 1385 979 1398 ·
991 1346 1136 1412 Johanne
1150 1346 1261 1412 Abbot
1277 1385 1282 1396 ·
1299 1345 1471 1411 Bertrarnlo
1483 1346 1594 1411 Abbot
1610 1385 1616 1398 ·
1634 1345 1761 1411 Simone
1772 1345 1846 1410 Pas-

462 1450 571 1516 selewe
583 1463 615 1514 et
626 1449 703 1514 eliis.
748 1449 867 1514 Datum
878 1451 998 1517 Dublin
1012 1450 1133 1517 infesto
1142 1449 1366 1537 Apostolorum
1380 1449 1514 1516 Simonis
1525 1464 1556 1516 et
1567 1451 1589 1516 J
1590 1451 1651 1516 ude
1667 1475 1747 1516 anno
1758 1451 1846 1538 regni

463 1554 544 1641 regis
560 1552 709 1618 Edwardi
724 1565 813 1618 sexto
829 1553 959 1620 decimo.

1081 1817 1221 1889 LXIV.

894 2003 951 2076 mr
969 2003 1029 2091 fei
1048 2004 1129 2077 artis
1148 2004 1182 2074 ίιι
1199 2001 1407 2090 laetarum.

528 2189 621 2255 Ciant
636 2203 791 2277 presentes
805 2205 837 2257 et
846 2191 943 2255 futuri
958 2191 1110 2280 quodego
1120 2191 1299 2257 Willelmus
1310 2191 1393 2256 filius
1402 2192 1614 2257 Bartholomei
1623 2193 1662 2258 de
1678 2219 1801 2260 assensu
1815 2211 1847 2260 et

548 2321 698 2361 consensu
714 2297 820 2361 uxoris
835 2321 903 2361 mee
912 2296 1048 2384 Agnetis
1062 2310 1094 2361 et
1107 2297 1258 2362 heredum
1270 2321 1410 2362 meorum
1418 2296 1491 2362 dedi
1506 2298 1642 2362 concessi
1657 2313 1688 2363 et
1702 2300 1762 2366 hoc
1777 2327 1845 2388 pre-

461 2401 540 2466 senti
555 2416 638 2467 carte
652 2426 722 2468 mea
736 2402 917 2468 confirmavi
927 2402 1028 2466 Priori
1040 2417 1072 2467 et
1081 2402 1249 2468 conventui
1261 2401 1412 2467 Omnium
1427 2401 1610 2467 Sanctorum
1620 2405 1715 2490 juxta
1725 2405 1846 2472 Dublin

461 2522 492 2572 et
517 2531 624 2572 eorum
645 2507 870 2573 successoribus
895 2506 1052 2591 quandam
1077 2508 1256 2594 porcionem
1279 2521 1359 2572 terre
1380 2531 1448 2572 mee
1472 2508 1505 2570 in
1521 2507 1689 2595 Kylmelan
1707 2547 1712 2559 ·
1729 2511 1847 2576 scilicet

461 2627 592 2699 quatuor
608 2638 691 2679 acras
712 2613 858 2700 proximo
869 2612 1008 2698 jacentes
1020 2611 1193 2676 sanctuario
1208 2611 1362 2676 dictorum
1378 2611 1494 2676 Prioris
1508 2625 1540 2677 et
1554 2627 1725 2678 conventus
1740 2640 1845 2680 versus

461 2721 655 2786 occidentem
670 2743 730 2804 que
754 2717 931 2783 extendunt
944 2715 978 2780 in
992 2715 1123 2803 longum
1141 2714 1236 2799 juxta
1259 2715 1343 2779 viam
1367 2739 1464 2800 usque
1488 2715 1527 2780 ad
1551 2729 1663 2782 terram
1679 2717 1845 2807 Reginaldi

462 2827 608 2911 Serjaunt
620 2863 627 2876 ·
639 2823 788 2890 tenendas
803 2838 835 2889 et
853 2821 1010 2887 habendas
1025 2821 1085 2887 sibi
1099 2835 1131 2886 et
1150 2822 1375 2888 successoribus
1389 2821 1451 2886 suis
1472 2821 1593 2909 integre
1608 2837 1640 2887 et
1654 2823 1791 2911 plenarie
1806 2826 1845 2890 de

460 2959 511 2998 me
526 2946 558 2998 et
573 2932 740 2998 heredibus
755 2933 832 2997 meis
849 2970 854 2981 ·
871 2930 1030 2996 reddendo
1046 2929 1206 2995 annuatim
1215 2929 1275 3016 ipsi
1290 2941 1322 2993 et
1336 2953 1522 2995 successores
1537 2929 1584 2993 sui
1600 2929 1696 2995 michi
1711 2945 1743 2996 et
1757 2931 1843 2996 here·

460 3042 553 3107 dibus
568 3041 645 3106 meis
658 3064 753 3106 unam
767 3041 879 3104 libram
893 3039 1012 3105 cumini
1027 3039 1078 3104 vel
1092 3038 1232 3126 precium
1247 3037 1286 3102 ad
1298 3037 1395 3103 Pasce
1409 3060 1465 3123 pro
1481 3035 1565 3100 omni
1580 3036 1743 3102 exactione
1759 3063 1844 3104 secu-

460 3148 517 3212 lari
532 3161 564 3212 et
578 3146 732 3212 demanda
746 3145 786 3210 ad
800 3144 915 3210 dictam
929 3158 1041 3210 terram
1057 3145 1241 3232 pertinente.

524 3255 569 3318 Et
583 3277 639 3342 pro
654 3252 713 3318 hac
732 3276 802 3318 mea
816 3252 987 3318 donacione
1007 3266 1039 3318 et
1053 3252 1222 3319 collacione
1242 3251 1344 3338 recepi
1360 3263 1420 3315 tres
1435 3274 1551 3315 marcas
1570 3251 1689 3338 argenti
1705 3265 1737 3315 et
1751 3250 1842 3314 dimi-

461 3363 544 3429 diam
560 3386 578 3426 a
592 3359 718 3448 prefatis
733 3357 842 3424 Priore
856 3370 888 3422 et
902 3371 1060 3423 conventu
1074 3357 1108 3420 in
1129 3355 1354 3444 urgentissimis
1376 3355 1452 3420 meis
1472 3353 1608 3440 agendis.
1653 3355 1724 3442 Ego
1740 3369 1843 3418 eutem

460 3468 640 3534 Willelmus
655 3483 687 3533 et
695 3466 824 3533 heredes
838 3466 902 3531 mei
910 3465 1138 3553 prenominatae
1153 3479 1286 3551 quatuor
1300 3487 1383 3530 aeras
1398 3461 1665 3527 warentizabimus
1680 3461 1843 3548 sepedictis

460 3573 562 3640 Priori
576 3586 609 3638 et
622 3573 790 3639 conventui
805 3587 838 3636 et
852 3571 1075 3636 successoribus
1090 3569 1152 3634 suis
1167 3581 1274 3635 eontra
1292 3591 1397 3631 omnes
1412 3565 1553 3630 homines
1572 3579 1604 3630 et
1617 3565 1756 3631 feminas.
1800 3566 1843 3629 Et

458 3690 495 3741 ut
509 3676 544 3741 in
558 3691 715 3764 posterum
729 3700 799 3742 mea
813 3675 944 3741 donacio
959 3687 991 3740 et
1005 3672 1160 3738 concessio
1171 3673 1266 3737 robur
1281 3670 1419 3758 optineat
1430 3669 1584 3738 firmitatis
1598 3672 1732 3758 presenti
1747 3672 1841 3759 scrip-

459 3798 528 3849 ture
543 3783 682 3872 sigillum
695 3806 801 3847 meum
816 3779 955 3869 apposui.
999 3778 1071 3842 Hiis
1087 3775 1215 3841 testibus
1232 3775 1302 3839 ·W.
1318 3775 1357 3838 de
1369 3772 1479 3861 Feypo
1493 3776 1655 3841 ·Johanne
1670 3775 1840 3841 Wodeloc·

459 3890 608 3977 Philippo
623 3888 663 3953 de
678 3887 748 3952 Rad
764 3925 770 3938 ·
787 3885 939 3951 Nicholeo
955 3883 994 3949 dc
1009 3882 1140 3952 Lakono
1158 3919 1164 3932 ·
1180 3879 1333 3946 Nieholao
1348 3880 1459 3944 abbate
1477 3920 1482 3930 ·
1499 3881 1553 3946 W.
1565 3881 1682 3947 Bosard
1699 3921 1705 3934 ·
1723 3882 1839 3948 Radul-

459 3997 522 4083 pho
540 3995 685 4080 Se1jaunt
701 4033 706 4044 ·
724 3992 858 4060 Ricardo
875 3992 1021 4078 Serjaunt
1037 4030 1043 4042 ·
1061 3990 1187 4056 Simone
1202 3988 1314 4054 clerico
1329 4000 1361 4053 et
1376 3987 1452 4052 aliis.
