4284 5412
1120 607 1170 671 44

518 771 562 838 Et
576 783 717 860 preterea
731 765 808 834 dicti
823 765 914 832 Prior
936 776 969 832 et
991 775 1164 831 conventus
1186 773 1404 830 ooncessenmt
1425 784 1482 849 pro
1508 785 1541 828 se
1563 772 1596 828 et
1617 759 1843 828 mocessoribus

452 881 516 948 suis
529 879 649 968 prefato
663 879 787 965 Rogero
801 873 969 940 heredibus
992 884 1025 938 et
1048 869 1210 959 assignatis
1232 870 1295 936 auis
1317 869 1523 957 proquodam
1547 891 1668 934 summa
1690 866 1844 955 argentis

453 988 538 1054 dicto
553 986 677 1073 Rogero
700 1006 756 1071 pre
778 980 922 1045 manibus
944 991 1070 1067 recepta
1092 976 1198 1042 omnia
1220 975 1374 1063 ametegis
1387 973 1466 1040 dicti
1479 974 1620 1040 redditus
1635 995 1696 1059 que
1720 996 1739 1037 a
1760 985 1843 1037 retro

452 1089 570 1156 suerint
583 1089 635 1154 die
649 1084 852 1154 confectionis
866 1085 1018 1173 presentis
1032 1083 1149 1171 scripti.

517 1195 605 1261 Dicti
620 1206 725 1260 autem
739 1190 830 1256 Prior
844 1203 877 1256 et
890 1204 1062 1256 conventus
1083 1202 1116 1256 et
1137 1212 1323 1256 successores
1345 1187 1393 1255 sui
1407 1187 1584 1276 predictum
1597 1186 1756 1252 redditum
1770 1209 1842 1252 cnm

456 1298 617 1388 arreragiis
631 1296 771 1382 ejusdem
785 1293 925 1360 redditus
940 1293 1025 1359 dioto
1040 1294 1165 1380 Rogero
1179 1291 1347 1359 heredibus
1369 1306 1402 1358 et
1420 1292 1582 1381 assigmtis
1601 1292 1664 1358 suis
1682 1315 1781 1378 usque
1803 1292 1844 1358 ad

454 1407 549 1473 finem
563 1403 696 1493 predicti
721 1401 847 1468 termini
867 1416 900 1468 et
924 1401 1057 1488 amplius
1076 1423 1133 1488 pro
1152 1399 1293 1487 predicto
1316 1399 1442 1466 redditu
1464 1398 1539 1486 ipsis
1562 1411 1594 1464 et
1619 1399 1843 1465 successoribus

455 1510 616 1576 annuatim
629 1507 704 1574 inde
727 1507 876 1574 solvendo
898 1521 935 1574 ut
949 1507 1125 1596 predictum
1148 1519 1196 1573 est
1209 1521 1317 1574 contre
1339 1529 1446 1572 omnes
1460 1519 1570 1593 gentes
1583 1518 1736 1590 quantum
1750 1505 1784 1570 in
1798 1505 1843 1571 eis

454 1630 501 1683 est
514 1614 760 1682 warentizabunt
773 1615 996 1700 eoquietobunt
1006 1627 1038 1680 et
1048 1614 1226 1680 defendent.
1263 1615 1303 1680 In
1316 1615 1406 1701 cujus
1421 1612 1466 1679 rei
1477 1611 1690 1678 testimonium
1705 1611 1841 1700 sigillum

453 1745 619 1788 commune
634 1720 789 1786 dictorum
801 1720 916 1785 Prioris
930 1733 963 1785 et
976 1733 1148 1785 conventus
1162 1733 1195 1786 et
1208 1717 1347 1806 sigillum
1361 1717 1494 1804 predicti
1507 1716 1623 1806 Rogati
1638 1716 1713 1783 huic
1727 1715 1841 1805 scripto

455 1825 604 1914 bipertito
629 1823 806 1890 alternatim
835 1835 1043 1912 apponuntur.
1096 1822 1170 1888 Hiis
1194 1823 1325 1889 testibus
1341 1860 1348 1875 ·
1364 1821 1507 1888 Golfrido
1530 1822 1570 1888 de
1595 1821 1745 1887 Mortoun
1767 1835 1842 1888 tunc

454 1931 573 2016 majore
588 1928 710 1994 Dnblin
726 1965 734 1979 ·
749 1928 771 1993 J
772 1927 895 1993 chenne
904 1926 1073 2014 Cadewely
1087 1940 1120 1992 et
1133 1925 1290 1991 Eduardo
1306 1925 1398 1992 Colet
1412 1938 1487 1992 tuno
1500 1925 1664 2014 prepositis
1681 1963 1688 1978 ·
1704 1925 1842 1992 Henrico

455 2034 615 2101 Mareohol
637 2072 644 2086 ·
665 2034 804 2100 Roberto
830 2034 869 2100 de
884 2034 1015 2121 Wileby
1035 2072 1043 2085 ·
1064 2034 1188 2122 Rogero
1212 2033 1251 2100 de
1274 2033 1498 2108 ¹Asshebonrne
1520 2071 1527 2086 ·
1547 2033 1693 2100 dohanne
1716 2032 1817 2099 Decor
1834 2070 1840 2084 ·

455 2141 600 2208 Johanne
617 2139 764 2225 Ser'jaunt
779 2178 786 2191 ·
803 2139 928 2206 Thome
947 2140 986 2205 de
1001 2139 1194 2205 conventria
1209 2138 1392 2204 ·Willelmo
1409 2139 1560 2227 Sampson
1576 2139 1615 2205 de
1631 2137 1741 2204 Cullan
1755 2177 1761 2191 ·
1777 2138 1841 2204 Ro·

454 2249 543 2312 berto
554 2246 594 2312 de
605 2246 757 2333 Ruytoun
771 2259 803 2311 et
814 2245 891 2310 aliis.
935 2245 1054 2311 Datum
1069 2245 1104 2310 in
1118 2244 1256 2332 capitulo
1267 2244 1407 2332 predicto
1418 2245 1452 2310 in
1466 2243 1600 2312 crastino
1611 2243 1717 2310 Sancti
1729 2243 1840 2310 Marcii

456 2349 658 2438 Evangeliste
672 2372 754 2415 enno
769 2349 955 2436 supradicto.

1101 2629 1202 2703 XLI.

645 2816 703 2890 mr
719 2814 835 2889 nttttu
853 2817 886 2891 tn
902 2816 966 2890 ttta
983 2833 1119 2890 noun
1137 2818 1170 2891 tn
1188 2817 1332 2908 pendis
1350 2817 1473 2903 &nosti
1489 2818 1646 2896 suunt

540 3004 649 3070 Lscita
672 3027 775 3069 coram
790 3003 954 3069 Willelmo
969 3005 1079 3071 Douoe
1097 3006 1214 3092 majore
1230 3005 1391 3095 Stephano
1411 3005 1450 3072 de
1465 3005 1557 3072 More
1574 3019 1606 3072 et
1619 3005 1782 3073 Willelmo
1801 3007 1840 3073 de

554 3109 728 3176 Muresohal
742 3108 867 3175 ballivis
889 3109 1025 3175 civitatis
1040 3109 1161 3176 Dnblin
1176 3110 1229 3177 die
1243 3110 1333 3178 Lune
1356 3111 1502 3199 proximo
1521 3123 1592 3199 post
1605 3110 1718 3178 festum
1734 3112 1840 3179 Sancti

457 3215 587 3283 Martini
612 3239 693 3281 anno
722 3214 812 3302 regni
835 3215 917 3302 mgis
945 3214 1094 3280 Edwardi
1113 3215 1171 3281 filii
1195 3216 1277 3304 regis
1296 3216 1446 3282 Edwardi
1469 3216 1691 3282 sextodecimo.
1734 3218 1841 3284 Assisa

455 3323 543 3387 vonit
558 3317 784 3408 recognioionis
798 3317 824 3382 si
838 3318 983 3384 Andreas
996 3319 1074 3384 Row
1089 3332 1121 3384 et
1131 3320 1153 3384 J
1154 3320 1278 3386 ohanna
1291 3344 1374 3386 uxor
1388 3322 1456 3408 ejus
1469 3319 1585 3407 injuste
1599 3334 1631 3387 et
1645 3322 1711 3388 sine
1721 3323 1843 3409 judicio

456 3427 546 3494 srisce
557 3450 613 3516 per
623 3449 710 3493 suom
719 3426 842 3491 iiiscam
850 3424 978 3492 forciam
988 3425 1256 3514 dissei[siv]erunt
1263 3427 1587 3494 fratremWillelmum
1594 3427 1734 3495 Priorem
1745 3429 1844 3496 eccle·

457 3531 502 3598 sie
517 3530 669 3598 Omnium
686 3529 871 3595 Sanctorum
889 3528 985 3614 juxta
1000 3529 1121 3595 Dnblin
1136 3531 1175 3598 de
1190 3531 1289 3598 libero
1307 3547 1486 3599 tenemento
1509 3555 1565 3598 suo
1579 3531 1613 3596 in
1627 3532 1750 3600 Dnblin
1763 3533 1844 3600 infra

457 3660 573 3702 annum
588 3645 641 3702 &e
659 3674 666 3687 ·
681 3635 830 3700 videlicet
846 3634 885 3700 de
899 3634 1021 3700 duobus
1036 3635 1175 3703 solidatis
1188 3637 1328 3704 redditus
1342 3661 1414 3704 cum
1430 3637 1630 3726 pertinenciis
1644 3641 1789 3705 exeuntis
1803 3641 1842 3706 de

459 3746 595 3834 quodam
609 3755 787 3810 tenemento
802 3741 900 3830 ipsius
910 3741 1039 3808 Andree
1049 3743 1083 3808 in
1100 3744 1171 3810 vico
1185 3769 1356 3832 coquorum
1369 3745 1404 3810 in
1418 3745 1565 3834 parochia
1578 3745 1684 3812 Sancti
1695 3745 1843 3813 Audoeni

458 3855 492 3919 in
507 3851 616 3920 eadem
631 3849 714 3914 villa.

523 3958 567 4023 Et
577 3955 661 4022 unde
676 3953 833 4042 predictus
845 3952 936 4018 Prior
949 3953 1090 4039 queritur
1104 3954 1189 4038 quod
1204 3978 1276 4020 cum
1291 3953 1449 4021 districtus
1462 3955 1496 4020 in
1512 3968 1689 4022 tenemento
1703 3957 1843 4045 predicto

460 4088 517 4153 pro
537 4060 662 4129 redditu
681 4082 738 4124 suo
752 4055 893 4145 predicto
907 4057 992 4122 idem
1006 4057 1151 4122 Andreas
1166 4057 1205 4124 de
1219 4057 1360 4146 predicte
1374 4058 1571 4124 destrictione
1585 4059 1688 4147 ipsum
1704 4062 1842 4129 Priorem

458 4169 562 4234 minus
572 4167 657 4252 juste
672 4163 855 4230 deforciavit
868 4172 923 4230 tro.
967 4164 1011 4230 Et
1024 4163 1105 4252 petit
1119 4163 1193 4230 inde
1217 4163 1340 4232 moisem
1360 4173 1414 4232 &c
1458 4166 1503 4230 Et
1529 4165 1687 4254 predictus
1700 4168 1844 4235 Andreas

459 4275 548 4343 venit
562 4292 595 4341 et
608 4275 688 4340 bene
709 4269 861 4359 cognovit
881 4271 965 4357 quod
981 4271 1092 4338 reddet
1110 4271 1139 4337 ei
1164 4271 1295 4360 singulis
1318 4271 1406 4338 annis
1428 4271 1583 4360 predictos
1597 4271 1676 4338 duos
1699 4273 1844 4340 solidatos

459 4381 599 4448 redditus
614 4377 760 4445 exeuntis
774 4375 814 4442 de
828 4375 970 4463 predicto
985 4389 1163 4440 tenemento
1183 4391 1220 4440 ut
1233 4375 1424 4462 premittitur
1440 4413 1447 4426 ·
1463 4399 1520 4442 nec
1535 4389 1637 4463 potest
1650 4376 1754 4443 dicere
1768 4377 1845 4464 quin

1664 4483 1845 4551 deforciovit
