4284 5412
925 642 969 716 53

893 889 994 961 LIII.

550 1078 725 1153 denotato
743 1088 771 1150 tt
785 1075 913 1150 touatto
932 1077 1128 1167 quotuntsn
1145 1072 1332 1158 hanutum.

316 1270 412 1335 Oiant
425 1281 581 1358 presentes
597 1269 661 1355 [et]
677 1266 774 1332 futuri
797 1265 882 1352 quod
900 1288 960 1352 ego
975 1261 1127 1328 Ricardus
1142 1261 1181 1327 de
1197 1261 1329 1348 Pheypo
1347 1258 1422 1325 dedi
1445 1259 1580 1326 concessi
1604 1272 1637 1326 et

337 1375 444 1462 quiete
466 1374 599 1442 clamavi
613 1390 645 1440 et
659 1374 718 1439 hac
733 1371 868 1460 presenti
883 1383 967 1436 carta
980 1393 1051 1435 mea
1064 1367 1247 1434 confirmavi
1260 1390 1318 1455 pro
1334 1365 1438 1431 anima
1459 1389 1530 1432 mea
1553 1379 1638 1432 ante-

250 1503 404 1546 cessorum
419 1493 451 1546 et
465 1501 673 1545 successorum
691 1500 832 1542 meorum
846 1473 880 1538 in
895 1497 1006 1562 puram
1026 1485 1058 1538 et
1072 1484 1255 1559 perpetuam
1273 1469 1474 1536 elemosinam
1489 1469 1591 1560 Priori
1606 1483 1638 1535 et

250 1585 420 1650 conventui
436 1584 588 1651 Omnium
601 1582 786 1648 Sanctorum
797 1580 893 1665 juxta
903 1577 1026 1644 Dublin
1039 1615 1045 1628 ·
1057 1577 1268 1665 Reginaldum
1283 1575 1491 1664 Mackelegan
1508 1615 1514 1627 ·
1531 1576 1640 1642 (iristi-

249 1715 326 1754 uum
352 1689 561 1778 Mackelegan
582 1725 588 1739 ·
609 1686 765 1752 Murdach
789 1683 997 1771 Mackelegan
1017 1721 1024 1734 ·
1044 1681 1217 1749 Gillesman
1241 1681 1450 1769 Maclrelegan
1475 1705 1548 1747 cum
1573 1696 1639 1746 tcta

250 1792 380 1858 nacione
396 1791 504 1856 suade
519 1788 787 1878 Balydugylcnm
806 1785 944 1852 serviciis
963 1786 1026 1851 suis
1048 1810 1120 1851 cum
1135 1786 1226 1852 exitu
1249 1809 1305 1850 suo
1328 1799 1360 1852 et
1374 1787 1524 1874 progenie
1547 1789 1587 1853 ab
1602 1813 1638 1854 ea

250 1899 381 1966 nacione
395 1923 536 1988 processa
559 1911 591 1964 et
613 1919 791 1986 processura
814 1908 847 1960 et
860 1894 1011 1981 quicquid
1025 1893 1059 1958 in
1074 1917 1110 1958 ee
1125 1892 1206 1979 juris
1226 1891 1323 1958 habui
1338 1891 1390 1957 vel
1403 1891 1518 1958 habere
1538 1894 1635 1980 potui.

307 2004 451 2092 Itaquod
460 2027 517 2070 nec
526 2027 585 2091 ego
594 2002 696 2067 dictus
705 1999 858 2066 Ricardus
869 1998 1039 2064 etheredes
1049 1998 1113 2063 mei
1123 1997 1309 2086 superdicta
1316 1997 1448 2064 nacione
1459 1999 1638 2064 etserviciis

250 2115 318 2200 ejus
338 2114 377 2179 de
398 2127 500 2179 cetero
520 2109 638 2176 nullam
652 2109 821 2174 habeamus
835 2102 1031 2170 exactionem
1047 2102 1098 2168 vel
1112 2102 1331 2190 calumpniam.
1376 2101 1448 2190 Ego
1462 2117 1566 2169 autem
1582 2103 1638 2169 Ri-

249 2219 361 2285 cardus
376 2234 408 2285 et
418 2218 546 2284 heredes
560 2216 623 2282 mei
638 2215 754 2280 dictam
764 2212 966 2279 donacionem
982 2209 1211 2278 concessionem
1222 2226 1254 2276 et
1265 2209 1403 2297 quietam
1417 2209 1639 2276 clamacionem

250 2327 334 2394 dicte
349 2327 458 2393 domui
473 2325 625 2392 Omnium
641 2324 826 2390 Sanctorum
849 2333 882 2386 et
904 2319 1061 2386 canonicis
1075 2317 1193 2383 ibidem
1212 2316 1282 2382 Deo
1302 2315 1508 2382 servientibus
1531 2332 1639 2382 contra

251 2457 358 2499 ornnes
368 2433 510 2499 homines
524 2446 556 2498 et
565 2431 696 2497 feminas
706 2430 740 2494 in
755 2442 941 2517 perpetuum
955 2424 1233 2493 warentizabimus.
1278 2425 1322 2490 Et
1336 2438 1373 2489 ut
1385 2425 1444 2490 heo
1458 2447 1528 2490 mea
1543 2425 1638 2490 dona-

250 2540 299 2605 cio
315 2539 472 2606 concessio
487 2538 592 2625 quieta
606 2535 755 2603 clamecin
774 2548 807 2601 et
825 2549 908 2601 carte
919 2558 988 2599 mee
1002 2531 1201 2599 confirmacio
1215 2531 1310 2596 robur
1323 2531 1541 2596 inconcussum
1557 2531 1638 2596 obti-

251 2663 347 2712 neant
357 2661 530 2734 presentem
546 2657 660 2710 cartam
672 2642 768 2730 sigilli
779 2641 840 2707 mei
851 2642 1053 2729 impressione
1067 2641 1220 2707 roboravi.
1266 2640 1338 2705 Hiis
1349 2641 1479 2707 testibus
1492 2679 1498 2692 ·
1511 2641 1638 2706 domino

255 2753 416 2841 Stephano
439 2765 514 2817 tunc
539 2752 650 2817 abbate
677 2748 790 2814 Sancte
814 2748 915 2813 Marie
936 2745 1032 2833 juxta
1055 2746 1177 2813 Dublin
1194 2786 1200 2797 ·
1217 2747 1345 2812 domino
1364 2745 1513 2836 Philippo
1529 2747 1636 2814 Priore

254 2859 368 2924 Sancte
387 2857 552 2923 Trinitatis
572 2854 693 2921 Dublin
709 2897 716 2907 ·
732 2854 859 2921 domino
879 2855 1022 2943 Mcylero
1042 2856 1081 2922 de
1105 2855 1230 2922 Oursun
1247 2893 1253 2907 ·
1270 2854 1398 2920 domino
1418 2854 1579 2921 Almarico
1598 2856 1637 2920 de

254 2964 384 3029 Houeth
401 3001 407 3013 ·
424 2962 551 3027 domino
568 2959 695 3026 Simone
715 2958 870 3025 Murdech
888 2998 894 3010 ·
909 2958 1073 3025 Willehno
1093 2957 1210 3024 Oumin
1227 2997 1232 3010 ·
1250 2959 1390 3026 Henrico
1406 2959 1504 3050 Tyrel
1520 2999 1526 3013 ·
1543 2962 1637 3027 Petro

254 3071 292 3136 de
309 3069 410 3136 Ouloc
424 3084 456 3134 et
470 3068 576 3134 multis
591 3067 668 3133 aliis.

894 3303 993 3378 LIV.

578 3492 685 3565 betta
701 3494 736 3563 ta
753 3489 906 3581 partitate
923 3502 996 3563 tetra
1014 3494 1097 3582 spot
1113 3491 1309 3580 Bermion.

321 3680 416 3746 Oiant
430 3695 494 3744 tam
504 3691 660 3766 presentes
671 3703 765 3765 quem
778 3678 876 3744 futuri
890 3678 975 3764 quod
990 3703 1049 3767 ego
1058 3680 1080 3745 J
1080 3680 1217 3746 ohannes
1227 3678 1365 3746 Latimer
1378 3703 1435 3768 pro
1451 3679 1558 3748 divine
1573 3681 1638 3771 pie-

343 3786 414 3852 tatis
428 3785 546 3851 intuitu
560 3798 592 3850 et
605 3808 662 3873 pro
676 3785 774 3851 salute
789 3785 890 3851 anime
905 3808 974 3851 mee
989 3800 1021 3851 et
1031 3785 1139 3850 uxoris
1161 3809 1230 3851 mee
1245 3801 1277 3850 et
1295 3785 1391 3872 patris
1410 3787 1473 3854 mei
1487 3801 1519 3853 et
1533 3789 1639 3855 matris

255 3915 323 3958 mee
338 3903 370 3956 et
381 3889 554 3955 animarum
565 3903 791 3956 antecessorum
801 3911 941 3953 meorum
953 3901 985 3953 et
999 3911 1207 3953 successorum
1222 3910 1362 3952 meorum
1371 3887 1445 3956 dedi
1457 3904 1489 3956 et
1503 3893 1638 3958 concessi

256 4009 288 4060 et
301 3995 360 4060 hac
375 3991 510 4081 presenti
524 4004 609 4057 carta
621 4015 691 4056 mea
705 3990 887 4057 confirmavi
902 3990 972 4056 Deo
989 4005 1021 4056 et
1035 3991 1163 4056 ecclesie
1179 3991 1331 4058 Omnium
1349 3993 1533 4062 Sanctorum
1543 3999 1640 4083 juxta

256 4099 378 4164 Dublin
388 4137 394 4150 ·
404 4113 437 4164 et
450 4097 606 4164 canonicis
620 4096 739 4164 ibidem
750 4097 820 4162 Deo
835 4095 1040 4162 servientibus
1055 4108 1169 4162 terram
1178 4096 1217 4162 de
1232 4122 1294 4184 qua
1307 4097 1369 4164 fuit
1382 4103 1544 4168 contencio
1559 4103 1641 4169 inter

256 4207 356 4272 dictos
378 4205 543 4272 canonicos
564 4229 608 4271 ex
626 4228 690 4269 una
704 4218 790 4293 parte
809 4217 842 4270 et
856 4227 906 4270 me
925 4204 1078 4270 err-altera
1092 4217 1179 4292 parte
1196 4241 1202 4254 ·
1219 4204 1338 4271 scilicet
1352 4217 1464 4271 terram
1478 4206 1563 4272 illam
1579 4232 1640 4294 que

256 4327 385 4378 vocatur
399 4309 640 4378 luchenehaven
654 4323 686 4375 et
696 4310 781 4396 jacet
799 4310 881 4375 inter
895 4308 1080 4375 Duncberni
1100 4323 1133 4375 et
1151 4333 1263 4395 aquam
1283 4334 1345 4395 que
1364 4324 1492 4377 vocatur
1508 4311 1639 4378 Sohike-

257 4417 324 4484 loth
335 4455 341 4468 ·
352 4431 384 4482 et
394 4431 496 4482 totum
501 4417 554 4504 jus
568 4439 673 4482 meum
685 4431 716 4482 et
727 4430 847 4502 partem
861 4438 963 4480 meam
979 4413 1079 4480 adme
1093 4427 1313 4503 expectantem
1324 4438 1396 4481 cum
1412 4439 1539 4503 corpore
1552 4440 1640 4481 meo·

1473 4521 1640 4588 tenendam
