4284 5412
1125 619 1168 712 58

1098 888 1200 962 LXI.

866 1073 973 1148 dous
991 1084 1064 1146 ton
1082 1085 1156 1146 turs
1173 1075 1207 1147 iu
1225 1073 1434 1162 {animellas

523 1262 617 1330 Oiant
640 1273 796 1351 presentes
822 1273 853 1326 ct
873 1259 971 1326 futuri
994 1259 1080 1347 quod
1103 1285 1161 1351 ego
1182 1260 1342 1327 Gilbertus
1367 1260 1519 1350 Speoerus
1545 1262 1627 1328 filius
1648 1263 1782 1330 Walteri
1805 1264 1845 1328 de

544 1369 751 1435 Brectenhsm
775 1391 925 1434 consensu
948 1381 980 1433 et
995 1391 1118 1433 assensu
1132 1367 1277 1433 Johenne
1291 1368 1400 1434 uxoris
1414 1393 1483 1435 mee
1503 1369 1576 1435 dedi
1591 1371 1728 1437 concessi
1742 1370 1845 1436 etheo

456 1476 591 1566 presenti
606 1487 690 1542 certa
704 1499 774 1540 mea
788 1473 969 1540 confirmavi
978 1473 1081 1539 Priori
1096 1472 1250 1539 Omnium
1267 1473 1451 1541 Sanctorum
1462 1475 1558 1561 juxta
1572 1475 1694 1542 Dublin
1709 1489 1741 1542 et
1754 1500 1844 1542 ceno-

457 1581 535 1646 nicis
556 1579 677 1645 ibidem
696 1578 766 1643 Deo
789 1576 995 1643 servientibus
1012 1615 1019 1628 ·
1035 1589 1132 1644 totam
1156 1589 1269 1643 terram
1295 1603 1397 1645 meam
1421 1604 1515 1665 quam
1538 1581 1635 1647 hebui
1658 1583 1709 1648 vel
1732 1582 1845 1650 habere

457 1686 546 1775 potui
567 1685 618 1750 vel
638 1685 724 1771 quod
742 1684 839 1751 michi
860 1684 999 1750 occidere
1019 1684 1134 1772 poterit
1155 1684 1190 1748 in
1205 1685 1386 1772 Kylmellun
1410 1711 1483 1752 cum
1506 1687 1650 1752 omnibus
1675 1688 1715 1753 ed
1729 1688 1844 1753 dictem

457 1807 570 1858 terrem
584 1790 814 1879 pcrtinentibus
829 1827 836 1841 ·
852 1789 1028 1855 habendum
1050 1800 1083 1852 et
1097 1787 1264 1853 tenendam
1287 1788 1405 1854 eisdem
1427 1802 1460 1854 et
1483 1791 1707 1856 successoribus
1729 1791 1792 1857 suis
1806 1791 1846 1856 de

458 1923 508 1962 me
523 1910 555 1962 et
569 1896 735 1961 heredibus
749 1895 827 1962 meis
840 1895 875 1960 in
889 1909 1075 1983 perpetuum
1090 1892 1187 1958 libere
1203 1893 1307 1978 quiete
1322 1894 1421 1960 solute
1432 1895 1554 1986 integre
1568 1895 1697 1983 pacifice
1711 1897 1745 1961 in
1760 1911 1844 1962 tene·

458 2004 570 2071 mentis
592 2005 625 2068 in
641 2004 771 2070 edificiis
786 2004 819 2068 in
834 2004 929 2092 pratis
951 2003 985 2067 in
1006 2001 1127 2090 pascuis
1150 2001 1185 2065 in
1209 2001 1305 2066 moris
1326 2001 1360 2066 in
1374 2002 1511 2068 mariscis
1526 2019 1558 2067 et
1571 2003 1605 2068 in
1620 2003 1764 2070 omnibus
1778 2003 1845 2069 aliis

459 2110 535 2175 locis
560 2122 592 2174 et
615 2109 759 2174 omnibus
783 2107 958 2174 asiamentis
985 2106 1024 2172 ad
1039 2105 1155 2171 dictum
1174 2119 1288 2171 terrem
1302 2107 1538 2194 pertinentibus.
1582 2110 1757 2176 Reddendo
1772 2111 1844 2176 inde

460 2215 620 2281 nmuctim
635 2214 732 2279 michi
741 2226 773 2278 et
781 2213 949 2278 heredibus
963 2213 1041 2277 meis
1055 2212 1121 2299 ipsc
1136 2225 1168 2277 et
1181 2235 1368 2278 successores
1383 2213 1430 2278 sui
1445 2238 1541 2279 unam
1551 2215 1663 2281 librom
1678 2216 1845 2282 cuminind

460 2324 574 2413 pasche
587 2347 644 2411 pro
659 2321 745 2388 omni
760 2320 891 2388 servicio
906 2334 938 2386 et
952 2319 1082 2386 seculari
1097 2320 1251 2386 demenda
1266 2358 1273 2372 ·
1290 2321 1375 2387 selvo
1391 2321 1521 2388 servicio
1536 2321 1695 2389 forinseco.

524 2431 588 2497 Pro
601 2429 660 2496 heo
675 2439 780 2494 autem
792 2427 963 2494 donacione
974 2425 1172 2492 concessione
1186 2439 1219 2491 et
1232 2439 1315 2492 carte
1329 2427 1567 2493 confirmacione
1582 2428 1737 2494 dederunt
1749 2429 1845 2495 michi

460 2537 537 2603 dicti
551 2536 642 2601 Prior
664 2547 697 2600 et
715 2546 887 2601 conventus
906 2531 1022 2622 viginti
1044 2555 1161 2598 marcas
1186 2531 1306 2622 argenti
1332 2556 1387 2620 pre
1412 2533 1556 2599 monibus
1570 2533 1604 2598 in
1620 2585 1845 2600 ..........

460 2644 504 2709 Et
517 2655 554 2708 ut
567 2642 626 2707 hec
640 2664 711 2707 mee
725 2639 856 2706 donacio
871 2639 1027 2706 concessio
1051 2652 1083 2704 et
1104 2651 1187 2707 curte
1211 2640 1408 2706 confirmacio
1431 2642 1526 2706 robur
1540 2639 1694 2707 firmitatis
1709 2642 1847 2708 obtineat

461 2749 599 2837 sigillum
614 2770 720 2812 meum
733 2745 809 2814 huic
824 2746 938 2833 scripto
953 2745 1093 2837 apposui.
1116 2744 1189 2810 Hiis
1200 2745 1329 2812 testibus
1340 2784 1347 2796 ·
1358 2745 1484 2812 domino
1495 2746 1633 2836 Hugone
1644 2747 1683 2814 de
1694 2747 1824 2814 Esdram
1838 2786 1845 2798 ·

460 2857 623 2922 Willeimo
637 2855 667 2920 le
682 2853 844 2942 Frenneys
862 2892 868 2904 ·
882 2854 935 2919 W.
951 2853 1052 2920 Pilato
1069 2891 1075 2904 ·
1092 2852 1217 2940 Rogero
1236 2853 1276 2918 de
1297 2853 1479 2919 Mesintoun
1495 2891 1501 2903 ·
1519 2851 1678 2940 Stephmro
1693 2853 1733 2918 de
1748 2851 1846 2918 Enes·

460 2962 521 3028 wel
538 3002 544 3013 ·
560 2961 733 3026 Bertrendo
753 2959 792 3026 de
806 2959 838 3026 la
852 2959 880 3024 F
881 2959 933 3024 eld
949 2959 1110 3028 ·Wsltero
1133 2959 1172 3024 de
1187 2959 1312 3047 Fubley
1329 2958 1510 3024 -Willelmo
1534 2959 1572 3023 de
1588 2958 1672 3024 Rath
1689 2997 1695 3009 ·
1713 2957 1846 3025 Ricordo

461 3068 607 3155 Serjaunt
623 3107 629 3118 -
646 3066 814 3156 Rodulpho
837 3066 982 3152 Senjount
998 3104 1004 3117 ·
1020 3067 1165 3132 Johonne
1183 3067 1249 3132 filio
1268 3065 1480 3134 Bartholomei
1498 3105 1503 3116 ·
1521 3067 1614 3131 Petro
1634 3067 1673 3132 de
1693 3066 1795 3132 Gulak
1814 3085 1846 3132 et

460 3176 536 3241 aliie.

1095 3434 1216 3506 LXII.

790 3614 937 3692 wormio
955 3621 1118 3711 &teonis
1133 3619 1239 3708 OEnni
1254 3623 1290 3693 tt
1305 3618 1514 3708 neptunus.

525 3807 619 3874 Ciant
632 3817 788 3894 presentes
803 3817 835 3871 et
848 3806 946 3871 futuri
961 3807 1046 3892 quod
1060 3831 1119 3896 ego
1129 3807 1344 3896 HugoTyrell
1357 3807 1440 3873 filius
1449 3807 1576 3874 Ricsnh'
1586 3807 1696 3896 Tyrell
1710 3809 1844 3874 concessi

546 3934 579 3984 et
592 3918 652 3983 hoc
666 3916 801 4003 presenti
816 3916 930 4005 scripto
945 3915 1126 3982 confirmavi
1136 3939 1192 4004 pro
1208 3939 1257 3980 me
1272 3927 1305 3980 et
1318 3914 1485 3980 heredibus
1500 3914 1576 3979 meis
1591 3914 1708 3979 intuitu
1722 3913 1844 4001 pietatis

458 4051 515 4115 pro
530 4027 628 4093 solute
643 4023 746 4089 enimc
767 4047 835 4089 mee
851 4037 1077 4090 antecessorum
1091 4037 1124 4089 ct
1137 4046 1346 4089 suceessorum
1360 4047 1501 4089 meorum
1516 4023 1617 4088 Priori
1632 4037 1664 4088 et
1677 4025 1845 4090 conventui

459 4133 611 4198 Omnium
622 4129 807 4195 Sanctorum
818 4129 939 4194 Dublin
954 4142 987 4195 et
1000 4129 1225 4196 successoribus
1239 4152 1347 4195 eorum
1364 4167 1370 4180 ·
1386 4142 1484 4197 totum
1496 4129 1700 4195 donacionem
1714 4145 1794 4196 terre
1805 4129 1843 4195 de

460 4237 641 4326 Kylmellsn
662 4259 757 4322 quam
780 4235 824 4301 eis
838 4235 926 4301 dedit
941 4236 1102 4302 Gilbertus
1123 4236 1274 4325 Specerus
1293 4235 1377 4301 filius
1390 4235 1524 4302 Walteri
1538 4235 1576 4300 de
1591 4235 1842 4304 Brecthenhum·

458 4349 634 4416 habendum
657 4359 689 4412 et
714 4345 880 4410 tenendum
905 4344 1021 4410 eisdem
1048 4367 1120 4410 cum
1143 4343 1289 4409 omnibus
1312 4342 1512 4430 pertinenciis
1535 4341 1597 4407 suis
1622 4341 1718 4408 libere
1743 4341 1845 4427 quiete

456 4456 557 4522 solute
567 4456 663 4542 juxta
677 4453 807 4518 sormam
826 4451 1017 4518 feoffomenti
1032 4477 1126 4538 quem
1141 4452 1218 4518 dicti
1233 4451 1324 4516 Prior
1338 4465 1371 4518 et
1385 4463 1557 4518 conventus
1575 4450 1688 4516 edicto
1704 4449 1845 4517 Gilberto

1773 4554 1844 4620 inde
