4284 5412
959 601 1005 696 65

288 806 357 850 mec
371 804 466 868 quem
481 779 639 868 Mergens
653 779 693 846 de
706 780 882 849 Ssrnesfeld
896 781 984 848 dedit
998 781 1136 872 predicte
1151 781 1258 848 domui
1273 781 1427 849 Omnium
1440 782 1624 850 Sanctorum
1639 786 1673 850 in

289 905 470 982 perpetuam
484 889 693 957 elemosinam.

349 998 394 1063 Et
408 997 448 1063 nd
462 996 543 1062 hsnc
558 995 748 1062 solucionem
758 994 900 1083 predicto
911 994 1044 1060 termino
1056 993 1121 1060 sine
1136 993 1276 1060 ulteriori
1288 995 1441 1062 dilacione
1456 998 1540 1086 apud
1550 998 1672 1086 predio-

287 1119 349 1172 tsm
364 1102 493 1169 domum
508 1102 661 1169 Omnium
677 1102 861 1169 Sanctorum
877 1101 999 1168 Dublin
1013 1101 1187 1168 faciendam
1207 1101 1313 1190 obligo
1327 1126 1378 1167 me
1399 1115 1432 1169 et
1445 1103 1574 1169 heredes
1587 1129 1673 1170 meos

289 1209 421 1298 presenti
435 1207 549 1296 scripto
563 1208 598 1272 in
613 1220 807 1296 perpetuum.
852 1206 937 1274 Volo
951 1207 1050 1275 eciem
1068 1220 1101 1274 et
1119 1207 1256 1274 concedo
1271 1208 1357 1294 quod
1378 1209 1519 1275 canonici
1533 1210 1673 1297 predicte

289 1315 396 1381 domus
411 1313 564 1380 Omnium
581 1311 765 1380 Sanctorum
785 1311 840 1399 qui
865 1335 921 1400 pro
945 1324 1084 1400 tempore
1098 1311 1216 1377 fuerint
1237 1334 1288 1378 me
1312 1324 1344 1378 et
1357 1311 1486 1379 heredes
1509 1338 1594 1380 meos
1616 1339 1673 1404 per

289 1420 461 1509 predictum
479 1415 692 1486 teneinentum
714 1419 877 1486 sinecesse
892 1418 987 1484 fuerit
1001 1419 1186 1507 compellere
1200 1418 1319 1508 possint
1333 1418 1373 1486 sd
1387 1420 1520 1508 predicti
1533 1420 1673 1487 redditus

289 1526 383 1592 sonui
397 1525 596 1592 solucionem.
641 1525 680 1590 In
694 1526 784 1613 cujus
802 1524 848 1592 rei
862 1525 1074 1591 testimonium
1097 1524 1199 1614 sigillo
1213 1548 1284 1592 meo
1298 1539 1455 1624 presentes
1468 1526 1572 1594 literas
1587 1527 1672 1617 sigil-

289 1632 362 1701 lntss
376 1631 516 1725 predicte
530 1632 637 1700 domui
651 1632 712 1700 feei
725 1645 875 1722 petentes.

895 1930 1059 2005 LXXII.

290 2121 417 2195 mette
435 2119 580 2194 tlcustto
597 2119 774 2216 §structe
791 2114 960 2195 seusu
976 2127 1004 2188 rt
1018 2117 1055 2188 tr
1071 2117 1210 2192 murts
1232 2117 1371 2207 clutton
1397 2117 1490 2190 ssttts
1514 2116 1671 2190 torturum

292 2252 317 2312 tt
333 2239 430 2331 regau
447 2241 581 2316 euticio.

369 2432 467 2497 Ateet
489 2428 641 2494 universis
662 2451 786 2516 presens
804 2427 954 2516 scriptum
974 2424 1160 2514 inspecturis
1178 2425 1229 2491 vel
1244 2424 1395 2492 audituris
1410 2426 1495 2512 quod
1509 2451 1565 2492 nos
1579 2427 1673 2497 freter

383 2535 528 2624 Nigellus
542 2535 633 2600 Prior
651 2534 762 2600 domus
776 2534 929 2600 Omnium
945 2532 1130 2599 Sanctorum
1147 2531 1242 2619 juxta
1256 2531 1378 2598 Dublin
1401 2545 1434 2599 et
1455 2533 1596 2619 ejusdem
1610 2534 1672 2600 loci

289 2653 458 2708 conventus
478 2662 601 2704 assensu
615 2652 647 2704 et
660 2661 811 2704 consensu
832 2638 932 2704 tocius
955 2635 1085 2725 capituli
1099 2636 1197 2702 nostri
1216 2637 1421 2704 concessimus
1444 2638 1617 2705 remisimus
1640 2653 1673 2706 et

289 2751 427 2836 quietum
443 2747 644 2814 clamavimus
657 2746 797 2813 Johunni
811 2744 965 2812 Wodeloc
979 2743 1178 2832 maritagium
1198 2743 1337 2828 ejusdem
1352 2743 1437 2829 quod
1451 2743 1491 2809 cd
1505 2766 1561 2807 nos
1575 2743 1670 2833 perti·

289 2879 359 2922 nere
374 2855 546 2920 dinoscitur
559 2853 599 2918 de
614 2853 685 2940 jure
701 2887 709 2905 ·
725 2876 762 2918 ec
785 2852 871 2939 quod
893 2852 933 2917 de
955 2851 1046 2916 nobis
1069 2862 1155 2916 tenet
1169 2863 1282 2915 terrem
1304 2849 1339 2914 in
1362 2849 1438 2915 ville
1461 2874 1522 2937 que
1543 2863 1672 2916 vocetur

287 2960 564 3051 Wyllnmhystoun
578 2960 612 3025 in
623 2972 800 3026 tenemento
812 2961 851 3026 de
865 2959 1057 3027 Oestrocnolr
1068 2958 1264 3024 habendum
1275 2971 1308 3025 et
1321 2959 1542 3048 possidendum
1552 2959 1671 3024 dictum

289 3065 484 3154 maritagium
498 3088 572 3131 cum
586 3064 733 3130 acciderit
747 3064 807 3131 sibi
821 3078 854 3130 et
867 3064 1034 3131 heredibus
1048 3063 1110 3130 suis
1121 3063 1161 3130 de
1175 3064 1266 3130 nobis
1280 3075 1312 3130 et
1322 3064 1546 3131 suecessoribus
1560 3063 1671 3128 nostris

288 3199 342 3264 pro
356 3173 503 3261 homagio
518 3186 551 3239 et
564 3172 695 3239 servicio
709 3197 765 3238 suo
786 3185 819 3239 et
832 3173 984 3240 heredum
1005 3195 1132 3238 suorum
1152 3171 1244 3237 nobis
1263 3183 1295 3238 et
1316 3170 1540 3238 successoribus
1559 3169 1670 3233 nostris

289 3279 322 3344 in
334 3292 521 3368 perpetuum
536 3277 762 3365 impendendis.

349 3386 399 3451 Ita
413 3384 499 3469 quod
513 3407 569 3448 nos
583 3407 641 3450 nec
655 3405 842 3449 successores
856 3382 953 3447 nostri
967 3380 1087 3467 aliquid
1097 3380 1178 3467 juris
1192 3380 1244 3446 vel
1258 3379 1362 3446 olumii
1375 3378 1410 3444 in
1424 3379 1563 3468 predicto
1577 3379 1670 3446 meri-

286 3491 370 3580 tcgio
384 3489 482 3578 ipsius
496 3489 518 3554 J
519 3488 649 3554 ohannis
667 3489 719 3554 vel
733 3487 884 3554 heredum
907 3511 1033 3554 suorum
1053 3486 1088 3550 in
1111 3498 1268 3574 posterum
1292 3486 1419 3574 exigere
1444 3485 1496 3551 vel
1514 3485 1670 3572 possidere

289 3595 462 3663 debeamus.
489 3595 590 3661 Salvis
601 3595 690 3661 nobis
702 3608 734 3662 et
744 3595 969 3662 successoribus
983 3595 1095 3661 nostris
1106 3593 1210 3661 werde
1219 3593 1294 3660 inde
1303 3593 1504 3682 proveniente
1513 3593 1670 3660 curiorum

286 3701 375 3768 sectis
390 3713 422 3767 et
435 3699 533 3789 regali
548 3699 687 3766 servicio.
732 3700 771 3765 In
786 3701 874 3787 cujus
892 3700 938 3766 rei
952 3699 1165 3766 testimonium
1178 3698 1254 3765 huic
1273 3699 1387 3786 scripto
1402 3699 1549 3788 bipertito
1568 3701 1670 3790 sigilla

287 3810 426 3898 psrcium
448 3823 522 3874 sunt
541 3833 684 3898 appense.
729 3809 802 3875 Hiis
816 3809 946 3876 testibus
962 3847 969 3860 ·
984 3809 1007 3874 J
1007 3809 1123 3875 ordsno
1138 3806 1260 3874 Locsrd
1276 3844 1283 3858 ·
1298 3805 1330 3870 N
1331 3806 1452 3873 icholso
1467 3807 1507 3872 de
1519 3806 1668 3874 Houeth·

287 3915 425 3982 Henrico
448 3915 479 3982 le
502 3914 581 3982 Low
605 3914 758 3982 militibus
774 3954 781 3968 ·
797 3915 928 3982 Andree
947 3914 1046 4004 Tyrel
1062 3952 1069 3966 ·
1085 3915 1179 3980 Petro
1202 3913 1242 3978 de
1262 3911 1406 3980 Arderne
1423 3951 1430 3966 ·
1446 3913 1610 3981 willelmo
1629 3913 1668 3980 de

286 4019 379 4092 Abte
393 4032 426 4088 et
439 4021 517 4088 eliis.

321 4523 414 4570 mrsu
427 4523 524 4573 ARGE-
540 4523 604 4571 800.
624 4526 670 4570 10.
