<?xml version="1.0" encoding="UTF-8"?>
<!DOCTYPE html PUBLIC "-//W3C//DTD XHTML 1.0 Transitional//EN"
    "http://www.w3.org/TR/xhtml1/DTD/xhtml1-transitional.dtd">
<html xmlns="http://www.w3.org/1999/xhtml" xml:lang="en" lang="en">
 <head>
  <title>
</title>
<meta http-equiv="Content-Type" content="text/html;charset=utf-8" />
  <meta name='ocr-system' content='tesseract 3.04.00' />
  <meta name='ocr-capabilities' content='ocr_page ocr_carea ocr_par ocr_line ocrx_word'/>
</head>
<body>
  <div class='ocr_page' id='page_1' title='image "./registrumpriora00librgoog_0163.png"; bbox 0 0 4306 5414; ppageno 0'>
   <div class='ocr_carea' id='block_1_1' title="bbox 1140 619 1185 688">
    <p class='ocr_par' dir='ltr' id='par_1_1' title="bbox 1140 619 1185 688">
     <span class='ocr_line' id='line_1_1' title="bbox 1140 619 1185 688; baseline -0.022 0"><span class='ocrx_word' id='word_1_1' title='bbox 1140 619 1185 688; x_wconf 92' lang='lat'>80</span> 
     </span>
    </p>
   </div>
   <div class='ocr_carea' id='block_1_2' title="bbox 384 797 1858 3431">
    <p class='ocr_par' dir='ltr' id='par_1_2' title="bbox 467 797 1858 1184">
     <span class='ocr_line' id='line_1_2' title="bbox 468 797 1858 885; baseline 0.001 -21"><span class='ocrx_word' id='word_1_2' title='bbox 468 798 539 863; x_wconf 86' lang='lat' dir='ltr'>laris</span> <span class='ocrx_word' id='word_1_3' title='bbox 565 799 791 864; x_wconf 81' lang='lat' dir='ltr'>observantiam</span> <span class='ocrx_word' id='word_1_4' title='bbox 814 798 896 863; x_wconf 90' lang='lat' dir='ltr'>inter</span> <span class='ocrx_word' id='word_1_5' title='bbox 919 797 980 862; x_wconf 91' lang='lat' dir='ltr'>alia</span> <span class='ocrx_word' id='word_1_6' title='bbox 1002 797 1208 885; x_wconf 75' lang='lat' dir='ltr'>ponderantes</span> <span class='ocrx_word' id='word_1_7' title='bbox 1230 811 1262 864; x_wconf 89' lang='lat' dir='ltr'>et</span> <span class='ocrx_word' id='word_1_8' title='bbox 1285 798 1446 885; x_wconf 71' lang='lat' dir='ltr'><strong>presertim</strong></span> <span class='ocrx_word' id='word_1_9' title='bbox 1470 811 1565 865; x_wconf 90' lang='lat' dir='ltr'>uteo</span> <span class='ocrx_word' id='word_1_10' title='bbox 1588 797 1716 866; x_wconf 88' lang='lat' dir='ltr'>liberius</span> <span class='ocrx_word' id='word_1_11' title='bbox 1740 799 1858 866; x_wconf 85' lang='lat' dir='ltr'>divinis</span> 
     </span>
     <span class='ocr_line' id='line_1_3' title="bbox 468 903 1858 995; baseline 0.001 -25"><span class='ocrx_word' id='word_1_12' title='bbox 468 905 589 992; x_wconf 87' lang='lat' dir='ltr'>possitis</span> <span class='ocrx_word' id='word_1_13' title='bbox 604 904 760 990; x_wconf 85' lang='lat' dir='ltr'>obsequiis</span> <span class='ocrx_word' id='word_1_14' title='bbox 774 904 936 969; x_wconf 74' lang='lat' dir='ltr'>intendere</span> <span class='ocrx_word' id='word_1_15' title='bbox 951 927 1013 989; x_wconf 93' lang='lat' dir='ltr'>quo</span> <span class='ocrx_word' id='word_1_16' title='bbox 1025 916 1127 968; x_wconf 77' lang='lat' dir='ltr'>vestre</span> <span class='ocrx_word' id='word_1_17' title='bbox 1136 903 1296 970; x_wconf 79' lang='lat' dir='ltr'>facultates</span> <span class='ocrx_word' id='word_1_18' title='bbox 1307 903 1375 990; x_wconf 85' lang='lat' dir='ltr'>jam</span> <span class='ocrx_word' id='word_1_19' title='bbox 1390 903 1488 970; x_wconf 86' lang='lat' dir='ltr'>exiles</span> <span class='ocrx_word' id='word_1_20' title='bbox 1502 905 1596 970; x_wconf 91' lang='lat' dir='ltr'>nimis</span> <span class='ocrx_word' id='word_1_21' title='bbox 1615 919 1652 970; x_wconf 92' lang='lat' dir='ltr'>ut</span> <span class='ocrx_word' id='word_1_22' title='bbox 1665 906 1858 995; x_wconf 81' lang='lat' dir='ltr'>premittitur</span> 
     </span>
     <span class='ocr_line' id='line_1_4' title="bbox 467 1011 1858 1099; baseline 0 -23"><span class='ocrx_word' id='word_1_23' title='bbox 467 1025 500 1076; x_wconf 91' lang='lat' dir='ltr'>et</span> <span class='ocrx_word' id='word_1_24' title='bbox 514 1025 622 1076; x_wconf 89' lang='lat' dir='ltr'>tenues</span> <span class='ocrx_word' id='word_1_25' title='bbox 636 1011 711 1076; x_wconf 87' lang='lat' dir='ltr'>licet</span> <span class='ocrx_word' id='word_1_26' title='bbox 724 1035 788 1075; x_wconf 91' lang='lat' dir='ltr'>non</span> <span class='ocrx_word' id='word_1_27' title='bbox 802 1024 839 1076; x_wconf 91' lang='lat' dir='ltr'>ut</span> <span class='ocrx_word' id='word_1_28' title='bbox 853 1011 1003 1076; x_wconf 83' lang='lat' dir='ltr'>vellemus</span> <span class='ocrx_word' id='word_1_29' title='bbox 1018 1011 1127 1076; x_wconf 87' lang='lat' dir='ltr'>saltem</span> <span class='ocrx_word' id='word_1_30' title='bbox 1142 1011 1371 1098; x_wconf 89' lang='lat' dir='ltr'>aliquantulum</span> <span class='ocrx_word' id='word_1_31' title='bbox 1385 1025 1422 1076; x_wconf 91' lang='lat' dir='ltr'>ut</span> <span class='ocrx_word' id='word_1_32' title='bbox 1436 1013 1612 1099; x_wconf 90' lang='lat' dir='ltr'>appetimus</span> <span class='ocrx_word' id='word_1_33' title='bbox 1625 1013 1736 1078; x_wconf 87' lang='lat' dir='ltr'>vestris</span> <span class='ocrx_word' id='word_1_34' title='bbox 1750 1012 1858 1079; x_wconf 87' lang='lat' dir='ltr'>usibus</span> 
     </span>
     <span class='ocr_line' id='line_1_5' title="bbox 467 1132 1608 1184; baseline 0 -2"><span class='ocrx_word' id='word_1_35' title='bbox 467 1132 670 1184; x_wconf 83' lang='lat' dir='ltr'>reserventur.</span> <span class='ocrx_word' id='word_1_36' title='bbox 1605 1163 1608 1168; x_wconf 86' lang='lat'>·</span> 
     </span>
    </p>

    <p class='ocr_par' dir='ltr' id='par_1_3' title="bbox 384 1225 1858 2566">
     <span class='ocr_line' id='line_1_6' title="bbox 531 1225 1858 1314; baseline 0.002 -24"><span class='ocrx_word' id='word_1_37' title='bbox 531 1227 597 1291; x_wconf 89' lang='lat' dir='ltr'>Nos</span> <span class='ocrx_word' id='word_1_38' title='bbox 612 1239 712 1291; x_wconf 87' lang='lat' dir='ltr'>vestre</span> <span class='ocrx_word' id='word_1_39' title='bbox 727 1225 903 1313; x_wconf 89' lang='lat' dir='ltr'>paupertati</span> <span class='ocrx_word' id='word_1_40' title='bbox 916 1225 1097 1311; x_wconf 88' lang='lat' dir='ltr'>hujusmodi</span> <span class='ocrx_word' id='word_1_41' title='bbox 1119 1225 1172 1313; x_wconf 91' lang='lat' dir='ltr'>pio</span> <span class='ocrx_word' id='word_1_42' title='bbox 1188 1226 1415 1314; x_wconf 76' lang='lat' dir='ltr'>comperientes</span> <span class='ocrx_word' id='word_1_43' title='bbox 1435 1226 1549 1292; x_wconf 88' lang='lat' dir='ltr'>affectu</span> <span class='ocrx_word' id='word_1_44' title='bbox 1563 1227 1665 1293; x_wconf 89' lang='lat' dir='ltr'>Patris</span> <span class='ocrx_word' id='word_1_45' title='bbox 1679 1240 1712 1293; x_wconf 88' lang='lat' dir='ltr'>et</span> <span class='ocrx_word' id='word_1_46' title='bbox 1729 1227 1805 1292; x_wconf 87' lang='lat' dir='ltr'>Filii</span> <span class='ocrx_word' id='word_1_47' title='bbox 1824 1240 1858 1294; x_wconf 88' lang='lat' dir='ltr'>et</span> 
     </span>
     <span class='ocr_line' id='line_1_7' title="bbox 470 1333 1856 1423; baseline -0.001 -23"><span class='ocrx_word' id='word_1_48' title='bbox 470 1334 604 1423; x_wconf 87' lang='lat' dir='ltr'>Spiritus</span> <span class='ocrx_word' id='word_1_49' title='bbox 613 1333 720 1400; x_wconf 81' lang='lat' dir='ltr'>Sancti</span> <span class='ocrx_word' id='word_1_50' title='bbox 731 1334 856 1398; x_wconf 90' lang='lat' dir='ltr'>nomine</span> <span class='ocrx_word' id='word_1_51' title='bbox 868 1334 1013 1399; x_wconf 88' lang='lat' dir='ltr'>invocato</span> <span class='ocrx_word' id='word_1_52' title='bbox 1024 1334 1187 1422; x_wconf 86' lang='lat' dir='ltr'>prehabita</span> <span class='ocrx_word' id='word_1_53' title='bbox 1198 1359 1290 1422; x_wconf 91' lang='lat' dir='ltr'>super</span> <span class='ocrx_word' id='word_1_54' title='bbox 1298 1335 1359 1399; x_wconf 89' lang='lat' dir='ltr'>hiis</span> <span class='ocrx_word' id='word_1_55' title='bbox 1371 1335 1514 1400; x_wconf 91' lang='lat' dir='ltr'>omnibus</span> <span class='ocrx_word' id='word_1_56' title='bbox 1523 1349 1555 1400; x_wconf 91' lang='lat' dir='ltr'>et</span> <span class='ocrx_word' id='word_1_57' title='bbox 1565 1333 1695 1422; x_wconf 89' lang='lat' dir='ltr'>singulis</span> <span class='ocrx_word' id='word_1_58' title='bbox 1707 1348 1856 1400; x_wconf 89' lang='lat' dir='ltr'>eteorum</span> 
     </span>
     <span class='ocr_line' id='line_1_8' title="bbox 468 1437 1855 1527; baseline 0 -23"><span class='ocrx_word' id='word_1_59' title='bbox 468 1438 711 1506; x_wconf 87' lang='lat' dir='ltr'>circumstanciis</span> <span class='ocrx_word' id='word_1_60' title='bbox 733 1461 806 1502; x_wconf 91' lang='lat' dir='ltr'>cum</span> <span class='ocrx_word' id='word_1_61' title='bbox 827 1439 938 1502; x_wconf 88' lang='lat' dir='ltr'>nostris</span> <span class='ocrx_word' id='word_1_62' title='bbox 953 1437 1101 1525; x_wconf 88' lang='lat' dir='ltr'>predictis</span> <span class='ocrx_word' id='word_1_63' title='bbox 1123 1438 1267 1526; x_wconf 88' lang='lat' dir='ltr'>capitulis</span> <span class='ocrx_word' id='word_1_64' title='bbox 1281 1439 1315 1502; x_wconf 91' lang='lat' dir='ltr'>in</span> <span class='ocrx_word' id='word_1_65' title='bbox 1331 1440 1423 1504; x_wconf 91' lang='lat' dir='ltr'>domo</span> <span class='ocrx_word' id='word_1_66' title='bbox 1438 1440 1601 1527; x_wconf 80' lang='lat' dir='ltr'>capitulari</span> <span class='ocrx_word' id='word_1_67' title='bbox 1621 1440 1704 1506; x_wconf 89' lang='lat' dir='ltr'>dicte</span> <span class='ocrx_word' id='word_1_68' title='bbox 1727 1439 1855 1506; x_wconf 85' lang='lat' dir='ltr'>ecclesie</span> 
     </span>
     <span class='ocr_line' id='line_1_9' title="bbox 468 1544 1857 1634; baseline 0.002 -25"><span class='ocrx_word' id='word_1_69' title='bbox 468 1558 570 1611; x_wconf 89' lang='lat' dir='ltr'>nostre</span> <span class='ocrx_word' id='word_1_70' title='bbox 586 1544 770 1610; x_wconf 86' lang='lat' dir='ltr'>cathedralis</span> <span class='ocrx_word' id='word_1_71' title='bbox 783 1545 895 1610; x_wconf 81' lang='lat' dir='ltr'>Sancte</span> <span class='ocrx_word' id='word_1_72' title='bbox 908 1546 1072 1610; x_wconf 86' lang='lat' dir='ltr'>Trinitatis</span> <span class='ocrx_word' id='word_1_73' title='bbox 1087 1546 1253 1612; x_wconf 87' lang='lat' dir='ltr'>sufficienti</span> <span class='ocrx_word' id='word_1_74' title='bbox 1265 1546 1491 1612; x_wconf 87' lang='lat' dir='ltr'>deliberacione</span> <span class='ocrx_word' id='word_1_75' title='bbox 1503 1546 1647 1634; x_wconf 84' lang='lat' dir='ltr'>diligenti</span> <span class='ocrx_word' id='word_1_76' title='bbox 1658 1546 1810 1633; x_wconf 89' lang='lat' dir='ltr'>solempni</span> <span class='ocrx_word' id='word_1_77' title='bbox 1825 1561 1857 1612; x_wconf 85' lang='lat' dir='ltr'>et</span> 
     </span>
     <span class='ocr_line' id='line_1_10' title="bbox 466 1649 1854 1740; baseline 0.001 -24"><span class='ocrx_word' id='word_1_78' title='bbox 466 1651 622 1738; x_wconf 80' lang='lat' dir='ltr'>frequenti</span> <span class='ocrx_word' id='word_1_79' title='bbox 637 1663 769 1716; x_wconf 86' lang='lat' dir='ltr'>tractatu</span> <span class='ocrx_word' id='word_1_80' title='bbox 783 1663 819 1714; x_wconf 92' lang='lat' dir='ltr'>ut</span> <span class='ocrx_word' id='word_1_81' title='bbox 833 1649 1023 1737; x_wconf 89' lang='lat' dir='ltr'>premittitur</span> <span class='ocrx_word' id='word_1_82' title='bbox 1038 1651 1072 1714; x_wconf 91' lang='lat' dir='ltr'>in</span> <span class='ocrx_word' id='word_1_83' title='bbox 1087 1651 1245 1716; x_wconf 91' lang='lat' dir='ltr'>communi</span> <span class='ocrx_word' id='word_1_84' title='bbox 1261 1664 1355 1738; x_wconf 93' lang='lat' dir='ltr'>prout</span> <span class='ocrx_word' id='word_1_85' title='bbox 1369 1653 1504 1740; x_wconf 79' lang='lat' dir='ltr'>exigrmt</span> <span class='ocrx_word' id='word_1_86' title='bbox 1518 1652 1665 1718; x_wconf 90' lang='lat' dir='ltr'>canonice</span> <span class='ocrx_word' id='word_1_87' title='bbox 1682 1652 1854 1718; x_wconf 89' lang='lat' dir='ltr'>sanctiones</span> 
     </span>
     <span class='ocr_line' id='line_1_11' title="bbox 463 1755 1855 1844; baseline 0.001 -23"><span class='ocrx_word' id='word_1_88' title='bbox 463 1757 544 1842; x_wconf 85' lang='lat' dir='ltr'>juris</span> <span class='ocrx_word' id='word_1_89' title='bbox 558 1757 684 1844; x_wconf 87' lang='lat' dir='ltr'>insuper</span> <span class='ocrx_word' id='word_1_90' title='bbox 707 1755 815 1821; x_wconf 90' lang='lat' dir='ltr'>ordine</span> <span class='ocrx_word' id='word_1_91' title='bbox 838 1769 871 1821; x_wconf 90' lang='lat' dir='ltr'>et</span> <span class='ocrx_word' id='word_1_92' title='bbox 888 1756 1105 1844; x_wconf 84' lang='lat' dir='ltr'>solempnitate</span> <span class='ocrx_word' id='word_1_93' title='bbox 1121 1757 1227 1823; x_wconf 90' lang='lat' dir='ltr'>debita</span> <span class='ocrx_word' id='word_1_94' title='bbox 1244 1758 1279 1822; x_wconf 88' lang='lat' dir='ltr'>in</span> <span class='ocrx_word' id='word_1_95' title='bbox 1301 1759 1445 1824; x_wconf 89' lang='lat' dir='ltr'>omnibus</span> <span class='ocrx_word' id='word_1_96' title='bbox 1467 1759 1635 1824; x_wconf 88' lang='lat' dir='ltr'>observatis</span> <span class='ocrx_word' id='word_1_97' title='bbox 1656 1758 1855 1824; x_wconf 90' lang='lat' dir='ltr'>concedimus</span> 
     </span>
     <span class='ocr_line' id='line_1_12' title="bbox 467 1863 1855 1951; baseline -0.001 -23"><span class='ocrx_word' id='word_1_98' title='bbox 467 1865 708 1951; x_wconf 89' lang='lat' dir='ltr'>pronunciamus</span> <span class='ocrx_word' id='word_1_99' title='bbox 722 1863 912 1928; x_wconf 83' lang='lat' dir='ltr'>declaramus</span> <span class='ocrx_word' id='word_1_100' title='bbox 927 1863 1098 1926; x_wconf 90' lang='lat' dir='ltr'>diffinimus</span> <span class='ocrx_word' id='word_1_101' title='bbox 1118 1875 1150 1927; x_wconf 91' lang='lat' dir='ltr'>et</span> <span class='ocrx_word' id='word_1_102' title='bbox 1168 1863 1347 1928; x_wconf 89' lang='lat' dir='ltr'>ordinamus</span> <span class='ocrx_word' id='word_1_103' title='bbox 1362 1863 1400 1928; x_wconf 89' lang='lat' dir='ltr'>de</span> <span class='ocrx_word' id='word_1_104' title='bbox 1419 1863 1629 1950; x_wconf 89' lang='lat' dir='ltr'>predictorum</span> <span class='ocrx_word' id='word_1_105' title='bbox 1647 1863 1855 1950; x_wconf 89' lang='lat' dir='ltr'>capitulorum</span> 
     </span>
     <span class='ocr_line' id='line_1_13' title="bbox 467 1965 1855 2055; baseline -0.002 -20"><span class='ocrx_word' id='word_1_106' title='bbox 467 1985 642 2035; x_wconf 88' lang='lat' dir='ltr'>nostrorum</span> <span class='ocrx_word' id='word_1_107' title='bbox 665 1969 794 2035; x_wconf 89' lang='lat' dir='ltr'>consilio</span> <span class='ocrx_word' id='word_1_108' title='bbox 818 1982 850 2034; x_wconf 89' lang='lat' dir='ltr'>et</span> <span class='ocrx_word' id='word_1_109' title='bbox 869 1991 993 2033; x_wconf 84' lang='lat' dir='ltr'>assensu</span> <span class='ocrx_word' id='word_1_110' title='bbox 1016 1991 1162 2055; x_wconf 85' lang='lat' dir='ltr'>expresso</span> <span class='ocrx_word' id='word_1_111' title='bbox 1181 1967 1215 2032; x_wconf 91' lang='lat' dir='ltr'>in</span> <span class='ocrx_word' id='word_1_112' title='bbox 1229 1965 1291 2032; x_wconf 91' lang='lat' dir='ltr'>hiis</span> <span class='ocrx_word' id='word_1_113' title='bbox 1313 1969 1495 2034; x_wconf 88' lang='lat' dir='ltr'>auctoritate</span> <span class='ocrx_word' id='word_1_114' title='bbox 1518 1983 1623 2034; x_wconf 85' lang='lat' dir='ltr'>nostra</span> <span class='ocrx_word' id='word_1_115' title='bbox 1645 1969 1801 2034; x_wconf 88' lang='lat' dir='ltr'>ordinaria</span> <span class='ocrx_word' id='word_1_116' title='bbox 1822 1983 1855 2034; x_wconf 89' lang='lat' dir='ltr'>et</span> 
     </span>
     <span class='ocr_line' id='line_1_14' title="bbox 467 2072 1854 2163; baseline 0 -23"><span class='ocrx_word' id='word_1_117' title='bbox 467 2074 638 2163; x_wconf 86' lang='lat' dir='ltr'>pontificali</span> <span class='ocrx_word' id='word_1_118' title='bbox 659 2098 700 2138; x_wconf 89' lang='lat' dir='ltr'>ne</span> <span class='ocrx_word' id='word_1_119' title='bbox 722 2073 803 2138; x_wconf 88' lang='lat' dir='ltr'>ultra</span> <span class='ocrx_word' id='word_1_120' title='bbox 823 2087 955 2158; x_wconf 87' lang='lat' dir='ltr'>quatuor</span> <span class='ocrx_word' id='word_1_121' title='bbox 977 2095 1094 2138; x_wconf 88' lang='lat' dir='ltr'>marcas</span> <span class='ocrx_word' id='word_1_122' title='bbox 1118 2072 1238 2160; x_wconf 84' lang='lat' dir='ltr'>argenti</span> <span class='ocrx_word' id='word_1_123' title='bbox 1256 2073 1291 2136; x_wconf 90' lang='lat' dir='ltr'>in</span> <span class='ocrx_word' id='word_1_124' title='bbox 1312 2072 1532 2160; x_wconf 89' lang='lat' dir='ltr'>procuracione</span> <span class='ocrx_word' id='word_1_125' title='bbox 1547 2075 1686 2162; x_wconf 89' lang='lat' dir='ltr'>predicta</span> <span class='ocrx_word' id='word_1_126' title='bbox 1702 2111 1708 2126; x_wconf 93' lang='lat'>·</span> <span class='ocrx_word' id='word_1_127' title='bbox 1724 2099 1779 2140; x_wconf 90' lang='lat' dir='ltr'>vos</span> <span class='ocrx_word' id='word_1_128' title='bbox 1801 2089 1854 2140; x_wconf 92' lang='lat' dir='ltr'>aut</span> 
     </span>
     <span class='ocr_line' id='line_1_15' title="bbox 384 2176 1854 2268; baseline 0 -22"><span class='ocrx_word' id='word_1_129' title='bbox 384 2261 385 2264; x_wconf 8' lang='grc' dir='ltr'><strong>Ἴ</strong></span> <span class='ocrx_word' id='word_1_130' title='bbox 466 2182 624 2247; x_wconf 87' lang='lat' dir='ltr'>Prioratus</span> <span class='ocrx_word' id='word_1_131' title='bbox 639 2193 740 2245; x_wconf 89' lang='lat' dir='ltr'>vester</span> <span class='ocrx_word' id='word_1_132' title='bbox 754 2179 805 2244; x_wconf 87' lang='lat' dir='ltr'>vel</span> <span class='ocrx_word' id='word_1_133' title='bbox 820 2201 1006 2244; x_wconf 89' lang='lat' dir='ltr'>successores</span> <span class='ocrx_word' id='word_1_134' title='bbox 1017 2176 1112 2243; x_wconf 89' lang='lat' dir='ltr'>vestri</span> <span class='ocrx_word' id='word_1_135' title='bbox 1123 2178 1213 2244; x_wconf 90' lang='lat' dir='ltr'>nobis</span> <span class='ocrx_word' id='word_1_136' title='bbox 1228 2193 1282 2243; x_wconf 87' lang='lat' dir='ltr'>aut</span> <span class='ocrx_word' id='word_1_137' title='bbox 1292 2179 1517 2244; x_wconf 89' lang='lat' dir='ltr'>successoribus</span> <span class='ocrx_word' id='word_1_138' title='bbox 1531 2180 1642 2245; x_wconf 83' lang='lat' dir='ltr'>nostris</span> <span class='ocrx_word' id='word_1_139' title='bbox 1656 2180 1722 2246; x_wconf 89' lang='lat' dir='ltr'>sitis</span> <span class='ocrx_word' id='word_1_140' title='bbox 1737 2179 1854 2268; x_wconf 85' lang='lat' dir='ltr'>aliqua·</span> 
     </span>
     <span class='ocr_line' id='line_1_16' title="bbox 466 2284 1853 2375; baseline 0 -23"><span class='ocrx_word' id='word_1_141' title='bbox 466 2288 538 2353; x_wconf 85' lang='lat' dir='ltr'>liter</span> <span class='ocrx_word' id='word_1_142' title='bbox 562 2286 692 2374; x_wconf 89' lang='lat' dir='ltr'>obligati</span> <span class='ocrx_word' id='word_1_143' title='bbox 714 2299 761 2350; x_wconf 90' lang='lat' dir='ltr'>set</span> <span class='ocrx_word' id='word_1_144' title='bbox 783 2284 1004 2372; x_wconf 86' lang='lat' dir='ltr'>procuracione</span> <span class='ocrx_word' id='word_1_145' title='bbox 1025 2297 1159 2370; x_wconf 87' lang='lat' dir='ltr'>quatuor</span> <span class='ocrx_word' id='word_1_146' title='bbox 1180 2306 1353 2350; x_wconf 87' lang='lat' dir='ltr'>marearum</span> <span class='ocrx_word' id='word_1_147' title='bbox 1377 2286 1497 2372; x_wconf 84' lang='lat' dir='ltr'>argenti</span> <span class='ocrx_word' id='word_1_148' title='bbox 1521 2287 1616 2352; x_wconf 91' lang='lat' dir='ltr'>simus</span> <span class='ocrx_word' id='word_1_149' title='bbox 1639 2309 1696 2375; x_wconf 89' lang='lat' dir='ltr'>pro</span> <span class='ocrx_word' id='word_1_150' title='bbox 1714 2299 1853 2375; x_wconf 86' lang='lat' dir='ltr'>tempore</span> 
     </span>
     <span class='ocr_line' id='line_1_17' title="bbox 466 2391 1852 2482; baseline -0.004 -22"><span class='ocrx_word' id='word_1_151' title='bbox 466 2409 570 2460; x_wconf 89' lang='lat' dir='ltr'>nostro</span> <span class='ocrx_word' id='word_1_152' title='bbox 589 2409 621 2460; x_wconf 86' lang='lat' dir='ltr'>et</span> <span class='ocrx_word' id='word_1_153' title='bbox 635 2392 751 2482; x_wconf 90' lang='lat' dir='ltr'>singuli</span> <span class='ocrx_word' id='word_1_154' title='bbox 766 2415 974 2458; x_wconf 86' lang='lat' dir='ltr'>successorum</span> <span class='ocrx_word' id='word_1_155' title='bbox 988 2405 1165 2457; x_wconf 88' lang='lat' dir='ltr'>nostrorum</span> <span class='ocrx_word' id='word_1_156' title='bbox 1178 2414 1235 2478; x_wconf 92' lang='lat' dir='ltr'>pro</span> <span class='ocrx_word' id='word_1_157' title='bbox 1250 2391 1312 2456; x_wconf 87' lang='lat' dir='ltr'>suis</span> <span class='ocrx_word' id='word_1_158' title='bbox 1327 2392 1518 2480; x_wconf 87' lang='lat' dir='ltr'>temporibus</span> <span class='ocrx_word' id='word_1_159' title='bbox 1533 2405 1683 2481; x_wconf 88' lang='lat' dir='ltr'>perpetuo</span> <span class='ocrx_word' id='word_1_160' title='bbox 1703 2392 1766 2456; x_wconf 90' lang='lat' dir='ltr'>sint</span> <span class='ocrx_word' id='word_1_161' title='bbox 1779 2413 1852 2456; x_wconf 90' lang='lat' dir='ltr'>con-</span> 
     </span>
     <span class='ocr_line' id='line_1_18' title="bbox 466 2501 1399 2566; baseline -0.002 0"><span class='ocrx_word' id='word_1_162' title='bbox 466 2501 554 2566; x_wconf 78' lang='lat' dir='ltr'>tenti.</span> <span class='ocrx_word' id='word_1_163' title='bbox 1390 2517 1399 2532; x_wconf 70' lang='lat'><strong>¹</strong></span> 
     </span>
    </p>

    <p class='ocr_par' dir='ltr' id='par_1_4' title="bbox 465 2604 1858 2907">
     <span class='ocr_line' id='line_1_19' title="bbox 531 2604 1853 2695; baseline -0.005 -22"><span class='ocrx_word' id='word_1_164' title='bbox 531 2609 570 2673; x_wconf 86' lang='lat' dir='ltr'>ln</span> <span class='ocrx_word' id='word_1_165' title='bbox 585 2631 718 2694; x_wconf 89' lang='lat' dir='ltr'>quorum</span> <span class='ocrx_word' id='word_1_166' title='bbox 730 2607 870 2671; x_wconf 91' lang='lat' dir='ltr'>omnium</span> <span class='ocrx_word' id='word_1_167' title='bbox 882 2620 914 2672; x_wconf 90' lang='lat' dir='ltr'>ct</span> <span class='ocrx_word' id='word_1_168' title='bbox 928 2607 1123 2695; x_wconf 89' lang='lat' dir='ltr'>singulorum</span> <span class='ocrx_word' id='word_1_169' title='bbox 1138 2621 1320 2695; x_wconf 89' lang='lat' dir='ltr'>perpetuam</span> <span class='ocrx_word' id='word_1_170' title='bbox 1334 2606 1511 2672; x_wconf 87' lang='lat' dir='ltr'>firmitatem</span> <span class='ocrx_word' id='word_1_171' title='bbox 1526 2619 1559 2671; x_wconf 92' lang='lat' dir='ltr'>et</span> <span class='ocrx_word' id='word_1_172' title='bbox 1572 2605 1784 2672; x_wconf 88' lang='lat' dir='ltr'>testimonium</span> <span class='ocrx_word' id='word_1_173' title='bbox 1798 2604 1853 2668; x_wconf 86' lang='lat' dir='ltr'>has</span> 
     </span>
     <span class='ocr_line' id='line_1_20' title="bbox 465 2713 1858 2802; baseline -0.003 -23"><span class='ocrx_word' id='word_1_174' title='bbox 465 2716 570 2782; x_wconf 88' lang='lat' dir='ltr'>literas</span> <span class='ocrx_word' id='word_1_175' title='bbox 584 2727 702 2778; x_wconf 89' lang='lat' dir='ltr'>nostras</span> <span class='ocrx_word' id='word_1_176' title='bbox 716 2727 856 2800; x_wconf 89' lang='lat' dir='ltr'>patentes</span> <span class='ocrx_word' id='word_1_177' title='bbox 879 2713 973 2800; x_wconf 89' lang='lat' dir='ltr'>sigilli</span> <span class='ocrx_word' id='word_1_178' title='bbox 989 2714 1086 2778; x_wconf 89' lang='lat' dir='ltr'>nostri</span> <span class='ocrx_word' id='word_1_179' title='bbox 1100 2727 1132 2779; x_wconf 91' lang='lat' dir='ltr'>et</span> <span class='ocrx_word' id='word_1_180' title='bbox 1146 2713 1319 2802; x_wconf 87' lang='lat' dir='ltr'>sigillorum</span> <span class='ocrx_word' id='word_1_181' title='bbox 1335 2715 1490 2780; x_wconf 89' lang='lat' dir='ltr'>dictorum</span> <span class='ocrx_word' id='word_1_182' title='bbox 1512 2713 1719 2801; x_wconf 89' lang='lat' dir='ltr'>capitulorum</span> <span class='ocrx_word' id='word_1_183' title='bbox 1733 2725 1858 2776; x_wconf 83' lang='lat' dir='ltr'>nostro·-</span> 
     </span>
     <span class='ocr_line' id='line_1_21' title="bbox 466 2818 1095 2907; baseline -0.003 -21"><span class='ocrx_word' id='word_1_184' title='bbox 466 2845 536 2886; x_wconf 90' lang='lat' dir='ltr'>rum</span> <span class='ocrx_word' id='word_1_185' title='bbox 551 2818 740 2907; x_wconf 88' lang='lat' dir='ltr'>appensione</span> <span class='ocrx_word' id='word_1_186' title='bbox 754 2819 884 2884; x_wconf 88' lang='lat' dir='ltr'>fecimus</span> <span class='ocrx_word' id='word_1_187' title='bbox 899 2819 1095 2884; x_wconf 90' lang='lat' dir='ltr'>communiri.</span> 
     </span>
    </p>

    <p class='ocr_par' dir='ltr' id='par_1_5' title="bbox 466 2923 1855 3431">
     <span class='ocr_line' id='line_1_22' title="bbox 531 2923 1852 2992; baseline -0.001 -3"><span class='ocrx_word' id='word_1_188' title='bbox 531 2926 575 2991; x_wconf 85' lang='lat' dir='ltr'>Et</span> <span class='ocrx_word' id='word_1_189' title='bbox 589 2949 645 2990; x_wconf 95' lang='lat' dir='ltr'>nos</span> <span class='ocrx_word' id='word_1_190' title='bbox 660 2925 750 2990; x_wconf 90' lang='lat' dir='ltr'>Prior</span> <span class='ocrx_word' id='word_1_191' title='bbox 764 2938 796 2990; x_wconf 89' lang='lat' dir='ltr'>ct</span> <span class='ocrx_word' id='word_1_192' title='bbox 810 2938 982 2990; x_wconf 90' lang='lat' dir='ltr'>conventus</span> <span class='ocrx_word' id='word_1_193' title='bbox 997 2926 1124 2992; x_wconf 88' lang='lat' dir='ltr'>ecclesie</span> <span class='ocrx_word' id='word_1_194' title='bbox 1139 2926 1324 2992; x_wconf 87' lang='lat' dir='ltr'>cathedralis</span> <span class='ocrx_word' id='word_1_195' title='bbox 1340 2926 1453 2992; x_wconf 89' lang='lat' dir='ltr'>Sancte</span> <span class='ocrx_word' id='word_1_196' title='bbox 1463 2923 1627 2989; x_wconf 88' lang='lat' dir='ltr'>Trinitatis</span> <span class='ocrx_word' id='word_1_197' title='bbox 1642 2947 1677 2990; x_wconf 92' lang='lat' dir='ltr'>ac</span> <span class='ocrx_word' id='word_1_198' title='bbox 1691 2945 1748 2988; x_wconf 92' lang='lat' dir='ltr'>nos</span> <span class='ocrx_word' id='word_1_199' title='bbox 1763 2923 1852 2988; x_wconf 84' lang='lat' dir='ltr'>deca·</span> 
     </span>
     <span class='ocr_line' id='line_1_23' title="bbox 466 3027 1851 3117; baseline 0.001 -25"><span class='ocrx_word' id='word_1_200' title='bbox 466 3053 525 3094; x_wconf 90' lang='lat' dir='ltr'>nus</span> <span class='ocrx_word' id='word_1_201' title='bbox 540 3042 572 3093; x_wconf 90' lang='lat' dir='ltr'>et</span> <span class='ocrx_word' id='word_1_202' title='bbox 586 3027 757 3114; x_wconf 89' lang='lat' dir='ltr'>capitulum</span> <span class='ocrx_word' id='word_1_203' title='bbox 779 3028 907 3093; x_wconf 88' lang='lat' dir='ltr'>ecclesie</span> <span class='ocrx_word' id='word_1_204' title='bbox 924 3029 1030 3094; x_wconf 88' lang='lat' dir='ltr'>Sancti</span> <span class='ocrx_word' id='word_1_205' title='bbox 1046 3029 1174 3094; x_wconf 88' lang='lat' dir='ltr'>Patricii</span> <span class='ocrx_word' id='word_1_206' title='bbox 1190 3029 1365 3117; x_wconf 89' lang='lat' dir='ltr'>supradicte</span> <span class='ocrx_word' id='word_1_207' title='bbox 1380 3029 1500 3095; x_wconf 91' lang='lat' dir='ltr'>dictum</span> <span class='ocrx_word' id='word_1_208' title='bbox 1515 3041 1679 3094; x_wconf 85' lang='lat' dir='ltr'>tractatum</span> <span class='ocrx_word' id='word_1_209' title='bbox 1701 3029 1745 3094; x_wconf 88' lang='lat' dir='ltr'>sic</span> <span class='ocrx_word' id='word_1_210' title='bbox 1759 3028 1851 3094; x_wconf 86' lang='lat' dir='ltr'>fuisse</span> 
     </span>
     <span class='ocr_line' id='line_1_24' title="bbox 466 3133 1853 3222; baseline -0.001 -21"><span class='ocrx_word' id='word_1_211' title='bbox 466 3151 497 3201; x_wconf 91' lang='lat' dir='ltr'>et</span> <span class='ocrx_word' id='word_1_212' title='bbox 512 3159 576 3202; x_wconf 88' lang='lat' dir='ltr'>esse</span> <span class='ocrx_word' id='word_1_213' title='bbox 592 3133 754 3200; x_wconf 89' lang='lat' dir='ltr'>nobiscum</span> <span class='ocrx_word' id='word_1_214' title='bbox 769 3133 913 3199; x_wconf 88' lang='lat' dir='ltr'>habitum</span> <span class='ocrx_word' id='word_1_215' title='bbox 928 3157 963 3198; x_wconf 89' lang='lat' dir='ltr'>ac</span> <span class='ocrx_word' id='word_1_216' title='bbox 978 3146 1080 3199; x_wconf 87' lang='lat' dir='ltr'>cetera</span> <span class='ocrx_word' id='word_1_217' title='bbox 1094 3134 1242 3221; x_wconf 89' lang='lat' dir='ltr'>premissa</span> <span class='ocrx_word' id='word_1_218' title='bbox 1256 3152 1407 3218; x_wconf 86' lang='lat' dir='ltr'>quatenus</span> <span class='ocrx_word' id='word_1_219' title='bbox 1422 3157 1477 3198; x_wconf 91' lang='lat' dir='ltr'>nos</span> <span class='ocrx_word' id='word_1_220' title='bbox 1488 3148 1681 3200; x_wconf 87' lang='lat' dir='ltr'>concernunt</span> <span class='ocrx_word' id='word_1_221' title='bbox 1690 3157 1853 3222; x_wconf 88' lang='lat' dir='ltr'>recognos-</span> 
     </span>
     <span class='ocr_line' id='line_1_25' title="bbox 466 3237 1854 3326; baseline -0.001 -21"><span class='ocrx_word' id='word_1_222' title='bbox 466 3243 565 3306; x_wconf 91' lang='lat' dir='ltr'>cimus</span> <span class='ocrx_word' id='word_1_223' title='bbox 581 3265 616 3305; x_wconf 92' lang='lat' dir='ltr'>ao</span> <span class='ocrx_word' id='word_1_224' title='bbox 631 3238 737 3304; x_wconf 91' lang='lat' dir='ltr'>omnia</span> <span class='ocrx_word' id='word_1_225' title='bbox 755 3251 787 3302; x_wconf 92' lang='lat' dir='ltr'>et</span> <span class='ocrx_word' id='word_1_226' title='bbox 802 3237 924 3326; x_wconf 86' lang='lat' dir='ltr'>singula</span> <span class='ocrx_word' id='word_1_227' title='bbox 942 3237 985 3302; x_wconf 90' lang='lat' dir='ltr'>sic</span> <span class='ocrx_word' id='word_1_228' title='bbox 1000 3261 1056 3326; x_wconf 90' lang='lat' dir='ltr'>per</span> <span class='ocrx_word' id='word_1_229' title='bbox 1072 3237 1192 3302; x_wconf 90' lang='lat' dir='ltr'>dietum</span> <span class='ocrx_word' id='word_1_230' title='bbox 1215 3237 1425 3302; x_wconf 88' lang='lat' dir='ltr'>venerabilem</span> <span class='ocrx_word' id='word_1_231' title='bbox 1439 3252 1559 3324; x_wconf 88' lang='lat' dir='ltr'>patrem</span> <span class='ocrx_word' id='word_1_232' title='bbox 1578 3251 1717 3303; x_wconf 89' lang='lat' dir='ltr'>nostrum</span> <span class='ocrx_word' id='word_1_233' title='bbox 1733 3239 1854 3305; x_wconf 90' lang='lat' dir='ltr'>Dublin</span> 
     </span>
     <span class='ocr_line' id='line_1_26' title="bbox 466 3341 1855 3431; baseline 0 -21"><span class='ocrx_word' id='word_1_234' title='bbox 466 3344 734 3431; x_wconf 85' lang='lat' dir='ltr'>archiepiscopum</span> <span class='ocrx_word' id='word_1_235' title='bbox 745 3341 986 3429; x_wconf 85' lang='lat' dir='ltr'>suprascriptum</span> <span class='ocrx_word' id='word_1_236' title='bbox 997 3365 1140 3408; x_wconf 87' lang='lat' dir='ltr'>concessa</span> <span class='ocrx_word' id='word_1_237' title='bbox 1151 3342 1355 3428; x_wconf 89' lang='lat' dir='ltr'>pronunciata</span> <span class='ocrx_word' id='word_1_238' title='bbox 1366 3341 1519 3406; x_wconf 87' lang='lat' dir='ltr'>declarata</span> <span class='ocrx_word' id='word_1_239' title='bbox 1528 3342 1661 3409; x_wconf 89' lang='lat' dir='ltr'>diffinita</span> <span class='ocrx_word' id='word_1_240' title='bbox 1672 3359 1704 3410; x_wconf 85' lang='lat' dir='ltr'>et</span> <span class='ocrx_word' id='word_1_241' title='bbox 1715 3345 1855 3410; x_wconf 85' lang='lat' dir='ltr'>ordinata</span> 
     </span>
    </p>
   </div>
   <div class='ocr_carea' id='block_1_3' title="bbox 465 3446 1853 3643">
    <p class='ocr_par' dir='ltr' id='par_1_6' title="bbox 465 3446 1853 3643">
     <span class='ocr_line' id='line_1_27' title="bbox 465 3446 1853 3542; baseline -0.001 -24"><span class='ocrx_word' id='word_1_242' title='bbox 465 3456 547 3520; x_wconf 85' lang='lat' dir='ltr'>facta</span> <span class='ocrx_word' id='word_1_243' title='bbox 557 3469 644 3542; x_wconf 89' lang='lat' dir='ltr'>gesta</span> <span class='ocrx_word' id='word_1_244' title='bbox 658 3452 765 3518; x_wconf 88' lang='lat' dir='ltr'>habita</span> <span class='ocrx_word' id='word_1_245' title='bbox 784 3465 885 3516; x_wconf 90' lang='lat' dir='ltr'>cetera</span> <span class='ocrx_word' id='word_1_246' title='bbox 901 3473 1095 3534; x_wconf 88' lang='lat' dir='ltr'>quecumque</span> <span class='ocrx_word' id='word_1_247' title='bbox 1111 3461 1204 3535; x_wconf 90' lang='lat' dir='ltr'>prout</span> <span class='ocrx_word' id='word_1_248' title='bbox 1222 3446 1362 3534; x_wconf 88' lang='lat' dir='ltr'>superius</span> <span class='ocrx_word' id='word_1_249' title='bbox 1382 3447 1551 3540; x_wconf 81' lang='lat' dir='ltr'>recitantur</span> <span class='ocrx_word' id='word_1_250' title='bbox 1565 3449 1740 3535; x_wconf 87' lang='lat' dir='ltr'>peremnia</span> <span class='ocrx_word' id='word_1_251' title='bbox 1758 3451 1853 3516; x_wconf 88' lang='lat' dir='ltr'>ratifi-</span> 
     </span>
     <span class='ocr_line' id='line_1_28' title="bbox 467 3549 1853 3643; baseline -0.002 -20"><span class='ocrx_word' id='word_1_252' title='bbox 467 3581 573 3623; x_wconf 85' lang='lat' dir='ltr'>camus</span> <span class='ocrx_word' id='word_1_253' title='bbox 587 3557 772 3643; x_wconf 87' lang='lat' dir='ltr'>aprobamus</span> <span class='ocrx_word' id='word_1_254' title='bbox 792 3577 828 3618; x_wconf 85' lang='lat' dir='ltr'>ac</span> <span class='ocrx_word' id='word_1_255' title='bbox 847 3551 964 3617; x_wconf 88' lang='lat' dir='ltr'>eisdem</span> <span class='ocrx_word' id='word_1_256' title='bbox 984 3549 1027 3616; x_wconf 88' lang='lat' dir='ltr'>sic</span> <span class='ocrx_word' id='word_1_257' title='bbox 1048 3549 1198 3616; x_wconf 89' lang='lat' dir='ltr'>concessis</span> <span class='ocrx_word' id='word_1_258' title='bbox 1213 3549 1424 3636; x_wconf 88' lang='lat' dir='ltr'>pronunciatis</span> <span class='ocrx_word' id='word_1_259' title='bbox 1438 3550 1601 3616; x_wconf 89' lang='lat' dir='ltr'>declaratis</span> <span class='ocrx_word' id='word_1_260' title='bbox 1616 3552 1757 3620; x_wconf 90' lang='lat' dir='ltr'>diffinitis</span> <span class='ocrx_word' id='word_1_261' title='bbox 1772 3556 1853 3620; x_wconf 90' lang='lat' dir='ltr'>ordi-</span> 
     </span>
    </p>
   </div>
   <div class='ocr_carea' id='block_1_4' title="bbox 466 3655 1854 4226">
    <p class='ocr_par' dir='ltr' id='par_1_7' title="bbox 466 3655 1854 4174">
     <span class='ocr_line' id='line_1_29' title="bbox 468 3655 1853 3748; baseline -0.001 -20"><span class='ocrx_word' id='word_1_262' title='bbox 468 3663 548 3728; x_wconf 88' lang='lat' dir='ltr'>natis</span> <span class='ocrx_word' id='word_1_263' title='bbox 562 3662 651 3727; x_wconf 87' lang='lat' dir='ltr'>factis</span> <span class='ocrx_word' id='word_1_264' title='bbox 665 3661 759 3748; x_wconf 88' lang='lat' dir='ltr'>gestis</span> <span class='ocrx_word' id='word_1_265' title='bbox 774 3672 806 3725; x_wconf 93' lang='lat' dir='ltr'>et</span> <span class='ocrx_word' id='word_1_266' title='bbox 818 3657 934 3724; x_wconf 88' lang='lat' dir='ltr'>habitis</span> <span class='ocrx_word' id='word_1_267' title='bbox 952 3671 984 3722; x_wconf 91' lang='lat' dir='ltr'>et</span> <span class='ocrx_word' id='word_1_268' title='bbox 1003 3679 1111 3723; x_wconf 90' lang='lat' dir='ltr'>eorum</span> <span class='ocrx_word' id='word_1_269' title='bbox 1134 3655 1265 3722; x_wconf 88' lang='lat' dir='ltr'>cuilibet</span> <span class='ocrx_word' id='word_1_270' title='bbox 1287 3669 1438 3742; x_wconf 90' lang='lat' dir='ltr'>quatenus</span> <span class='ocrx_word' id='word_1_271' title='bbox 1458 3657 1498 3721; x_wconf 93' lang='lat' dir='ltr'>ad</span> <span class='ocrx_word' id='word_1_272' title='bbox 1512 3681 1568 3722; x_wconf 86' lang='lat' dir='ltr'>nos</span> <span class='ocrx_word' id='word_1_273' title='bbox 1589 3658 1701 3724; x_wconf 89' lang='lat' dir='ltr'>attinet</span> <span class='ocrx_word' id='word_1_274' title='bbox 1714 3675 1853 3726; x_wconf 87' lang='lat' dir='ltr'>nostrum</span> 
     </span>
     <span class='ocr_line' id='line_1_30' title="bbox 467 3763 1854 3856; baseline 0.001 -24"><span class='ocrx_word' id='word_1_275' title='bbox 467 3767 648 3832; x_wconf 90' lang='lat' dir='ltr'>unanimem</span> <span class='ocrx_word' id='word_1_276' title='bbox 662 3768 826 3854; x_wconf 91' lang='lat' dir='ltr'>prebemus</span> <span class='ocrx_word' id='word_1_277' title='bbox 844 3789 1027 3831; x_wconf 89' lang='lat' dir='ltr'>consensum</span> <span class='ocrx_word' id='word_1_278' title='bbox 1048 3777 1081 3830; x_wconf 88' lang='lat' dir='ltr'>et</span> <span class='ocrx_word' id='word_1_279' title='bbox 1102 3787 1266 3829; x_wconf 88' lang='lat' dir='ltr'>assensum.</span> <span class='ocrx_word' id='word_1_280' title='bbox 1311 3764 1350 3828; x_wconf 93' lang='lat' dir='ltr'>In</span> <span class='ocrx_word' id='word_1_281' title='bbox 1365 3763 1454 3848; x_wconf 90' lang='lat' dir='ltr'>cujus</span> <span class='ocrx_word' id='word_1_282' title='bbox 1464 3763 1509 3828; x_wconf 90' lang='lat' dir='ltr'>rei</span> <span class='ocrx_word' id='word_1_283' title='bbox 1525 3763 1737 3830; x_wconf 87' lang='lat' dir='ltr'>testimonium</span> <span class='ocrx_word' id='word_1_284' title='bbox 1752 3767 1854 3856; x_wconf 83' lang='lat' dir='ltr'>sigilla</span> 
     </span>
     <span class='ocr_line' id='line_1_31' title="bbox 466 3871 1854 3964; baseline 0 -23"><span class='ocrx_word' id='word_1_285' title='bbox 466 3875 645 3941; x_wconf 85' lang='lat' dir='ltr'>communia</span> <span class='ocrx_word' id='word_1_286' title='bbox 666 3875 873 3963; x_wconf 87' lang='lat' dir='ltr'>capitulorum</span> <span class='ocrx_word' id='word_1_287' title='bbox 896 3887 1070 3938; x_wconf 90' lang='lat' dir='ltr'>nostrorum</span> <span class='ocrx_word' id='word_1_288' title='bbox 1092 3897 1155 3938; x_wconf 90' lang='lat' dir='ltr'>una</span> <span class='ocrx_word' id='word_1_289' title='bbox 1176 3895 1249 3938; x_wconf 91' lang='lat' dir='ltr'>cum</span> <span class='ocrx_word' id='word_1_290' title='bbox 1270 3871 1373 3959; x_wconf 85' lang='lat' dir='ltr'>sigillo</span> <span class='ocrx_word' id='word_1_291' title='bbox 1391 3871 1524 3958; x_wconf 85' lang='lat' dir='ltr'>predicti</span> <span class='ocrx_word' id='word_1_292' title='bbox 1551 3873 1736 3940; x_wconf 82' lang='lat' dir='ltr'>venerabilis</span> <span class='ocrx_word' id='word_1_293' title='bbox 1759 3875 1854 3964; x_wconf 87' lang='lat' dir='ltr'>patris</span> 
     </span>
     <span class='ocr_line' id='line_1_32' title="bbox 469 3979 1853 4070; baseline 0.003 -24"><span class='ocrx_word' id='word_1_294' title='bbox 469 3981 662 4070; x_wconf 88' lang='lat' dir='ltr'>presentibus</span> <span class='ocrx_word' id='word_1_295' title='bbox 686 3995 758 4045; x_wconf 90' lang='lat' dir='ltr'>sunt</span> <span class='ocrx_word' id='word_1_296' title='bbox 782 4005 925 4068; x_wconf 90' lang='lat' dir='ltr'>appensa.</span> <span class='ocrx_word' id='word_1_297' title='bbox 970 3981 1088 4046; x_wconf 89' lang='lat' dir='ltr'>Datum</span> <span class='ocrx_word' id='word_1_298' title='bbox 1108 3980 1230 4046; x_wconf 90' lang='lat' dir='ltr'>Dublin</span> <span class='ocrx_word' id='word_1_299' title='bbox 1253 3994 1362 4066; x_wconf 87' lang='lat' dir='ltr'>quarto</span> <span class='ocrx_word' id='word_1_300' title='bbox 1382 3979 1433 4044; x_wconf 90' lang='lat' dir='ltr'>die</span> <span class='ocrx_word' id='word_1_301' title='bbox 1456 3980 1570 4045; x_wconf 85' lang='lat' dir='ltr'>mensis</span> <span class='ocrx_word' id='word_1_302' title='bbox 1586 3979 1749 4048; x_wconf 83' lang='lat' dir='ltr'>Februarii</span> <span class='ocrx_word' id='word_1_303' title='bbox 1773 4005 1853 4050; x_wconf 82' lang='lat' dir='ltr'>auno</span> 
     </span>
     <span class='ocr_line' id='line_1_33' title="bbox 468 4084 1392 4174; baseline -0.002 -22"><span class='ocrx_word' id='word_1_304' title='bbox 468 4085 598 4152; x_wconf 89' lang='lat' dir='ltr'>Domini</span> <span class='ocrx_word' id='word_1_305' title='bbox 613 4085 778 4151; x_wconf 89' lang='lat' dir='ltr'>millesimo</span> <span class='ocrx_word' id='word_1_306' title='bbox 794 4086 1098 4174; x_wconf 87' lang='lat' dir='ltr'>quadringentesimo</span> <span class='ocrx_word' id='word_1_307' title='bbox 1114 4085 1261 4152; x_wconf 86' lang='lat' dir='ltr'>vicesimo</span> <span class='ocrx_word' id='word_1_308' title='bbox 1275 4084 1392 4152; x_wconf 88' lang='lat' dir='ltr'>terici0.</span> 
     </span>
    </p>

    <p class='ocr_par' dir='ltr' id='par_1_8' title="bbox 665 4185 1413 4226">
     <span class='ocr_line' id='line_1_34' title="bbox 665 4185 1413 4226; baseline -0.005 0"><span class='ocrx_word' id='word_1_309' title='bbox 665 4191 711 4226; x_wconf 73' lang='grc' dir='ltr'>ε..</span> <span class='ocrx_word' id='word_1_310' title='bbox 758 4190 787 4222; x_wconf 79' lang='lat' dir='ltr'>·r</span> <span class='ocrx_word' id='word_1_311' title='bbox 835 4185 846 4208; x_wconf 89' lang='lat'><strong>·</strong></span> <span class='ocrx_word' id='word_1_312' title='bbox 969 4191 975 4204; x_wconf 92' lang='lat'>·</span> <span class='ocrx_word' id='word_1_313' title='bbox 1034 4190 1041 4203; x_wconf 91' lang='lat'><strong>·</strong></span> <span class='ocrx_word' id='word_1_314' title='bbox 1221 4190 1227 4203; x_wconf 92' lang='lat'><strong>·</strong></span> <span class='ocrx_word' id='word_1_315' title='bbox 1406 4191 1413 4203; x_wconf 93' lang='lat'><strong>·</strong></span> 
     </span>
    </p>
   </div>
   <div class='ocr_carea' id='block_1_5' title="bbox 0 0 2158 5414">
    <p class='ocr_par' dir='ltr' id='par_1_9' title="bbox 0 0 2158 5414">
     <span class='ocr_line' id='line_1_35' title="bbox 0 0 2158 5414; baseline 0 1"><span class='ocrx_word' id='word_1_316' title='bbox 0 0 2158 5414; x_wconf 95' lang='lat' dir='ltr'> </span> 
     </span>
    </p>
   </div>
  </div>
 </body>
</html>
