4284 5412
1170 650 1217 721 54

498 806 665 872 tenendam
688 819 720 872 et
739 806 916 874 habendam
935 806 969 871 in
991 830 1102 895 puram
1116 807 1246 873 liberam
1268 818 1300 872 et
1323 817 1505 894 perpetuam
1523 805 1724 872 elemosinam
1738 805 1835 873 libere
1853 821 1886 874 et

499 913 606 999 quiete
621 913 749 1001 pacifice
769 927 802 979 et
820 913 942 1001 integre
965 937 1039 980 cum
1058 913 1201 980 omnibus
1220 912 1417 979 libertatibus
1436 925 1469 978 et
1482 911 1589 978 liberis
1611 913 1888 980 consuetudinibus

498 1019 538 1092 ad
552 1019 683 1086 liberam
697 1018 898 1086 elemosinam
912 1019 1149 1108 pertinentibus.
1182 1020 1230 1086 Ut
1248 1033 1353 1086 autern
1367 1018 1426 1084 hec
1445 1041 1515 1084 mea
1529 1017 1660 1084 donacio
1681 1030 1713 1084 et
1732 1019 1888 1084 concessio

497 1138 564 1191 rata
577 1138 757 1214 permaneat
771 1139 803 1192 et
816 1123 999 1191 inconeussa
1014 1150 1139 1214 presens
1161 1125 1311 1214 scripturn
1331 1123 1531 1213 apposicione
1545 1123 1641 1212 sigilli
1655 1123 1718 1189 mei
1733 1125 1885 1190 roboravi.

498 1231 571 1296 Hiis
586 1232 716 1298 testibus
728 1231 766 1296 R.
782 1230 891 1296 Priore
907 1229 1021 1297 Sancte
1037 1229 1201 1296 Trinitatis
1217 1229 1378 1296 ·Waltero
1393 1228 1512 1294 decano
1526 1226 1731 1293 ·Alexandro
1749 1228 1788 1295 de
1803 1229 1886 1294 Tur·

498 1339 595 1406 bevill
613 1378 619 1390 ·
636 1338 822 1405 Alexandro
836 1338 978 1406 sellatore
991 1377 998 1390 ·
1011 1338 1146 1405 Ricardo
1156 1337 1292 1426 janitore
1307 1351 1340 1404 et
1353 1335 1460 1402 multis
1474 1335 1551 1402 aliis.

1153 1685 1234 1758 LV.

990 1871 1048 1946 Bt
1064 1882 1152 1962 prato
1168 1873 1204 1942 tr
1220 1870 1385 1946 &roura

600 2061 658 2127 EO
678 2073 725 2126 est
743 2058 915 2126 convencio
929 2058 1010 2124 facta
1024 2058 1106 2126 inter
1121 2059 1336 2125 Thurstanum
1351 2057 1452 2123 filiurn
1466 2057 1634 2126 Vinceneii
1649 2057 1733 2124 dela
1749 2057 1881 2125 Strande

621 2191 664 2233 ex
686 2190 749 2231 una
772 2177 859 2254 parte
884 2177 917 2230 et
939 2164 1080 2231 Priorem
1106 2178 1139 2230 et
1160 2177 1351 2231 conventum
1372 2164 1501 2230 ecclesie
1522 2163 1675 2230 Omnium
1696 2164 1879 2232 Sanctorum

491 2278 587 2362 juxta
605 2271 727 2339 Dublin
749 2295 792 2337 ex
807 2271 902 2337 altera
916 2283 1003 2358 parte
1016 2307 1023 2322 ·
1036 2270 1155 2337 scilicet
1174 2271 1260 2357 quod
1279 2270 1381 2337 dictus
1396 2269 1592 2336 Thurstanus
1611 2271 1762 2338 concessit
1775 2285 1807 2338 et
1825 2296 1881 2360 per

494 2382 575 2447 hanc
586 2377 830 2447 convencionem
845 2377 1042 2443 confirmavit
1052 2376 1164 2443 Decet
1177 2375 1306 2443 ecclesie
1318 2375 1470 2442 Omnium
1483 2375 1666 2443 Sanctorum
1680 2391 1713 2443 et
1726 2378 1881 2444 canonicis

493 2486 612 2553 ibidem
629 2483 699 2548 Deo
723 2480 930 2548 servientibus
954 2504 1045 2546 omne
1056 2481 1109 2567 jus
1128 2481 1214 2567 quod
1227 2480 1340 2546 habuit
1360 2481 1412 2548 vel
1426 2481 1540 2549 habere
1560 2483 1669 2550 debuit
1682 2485 1717 2550 in
1737 2499 1826 2575 prato
1840 2486 1880 2552 de

494 2589 640 2658 Kenturlr
651 2613 707 2677 pro
731 2588 829 2654 salute
852 2587 955 2654 anime
977 2612 1031 2653 sue
1054 2601 1087 2654 et
1101 2588 1178 2654 dicti
1193 2587 1362 2655 Vinceneii
1376 2588 1471 2678 patris
1486 2589 1534 2656 sui
1545 2604 1577 2656 et
1591 2591 1691 2658 Elone
1705 2593 1812 2658 matris
1825 2617 1879 2658 sue

493 2709 525 2761 et
539 2708 766 2762 antecessorum
781 2705 813 2760 et
827 2719 1036 2761 successorum
1053 2720 1180 2762 suorum
1193 2734 1200 2748 ·
1211 2696 1392 2763 habendum
1414 2710 1447 2763 et
1459 2697 1631 2764 tenendum
1653 2698 1771 2766 eisdem
1793 2724 1879 2788 sepe·

493 2806 577 2872 dicte
593 2804 704 2869 domus
719 2802 875 2870 canonicis
888 2801 1111 2890 inperpetuum
1121 2802 1156 2867 in
1169 2827 1280 2890 puram
1301 2815 1334 2868 et
1347 2816 1528 2890 perpetuam
1543 2804 1744 2870 elemosinam
1761 2843 1768 2857 ·
1785 2803 1878 2871 Salvo

493 2912 578 2998 quod
601 2909 679 2976 dicti
704 2907 845 2975 canonici
868 2907 952 2974 dicto
974 2907 1154 2973 Thurstano
1174 2906 1226 2972 vel
1243 2906 1411 2973 heredibus
1436 2906 1499 2974 suis
1520 2908 1698 2996 persolvant
1719 2910 1878 2975 annuatim

492 3041 592 3082 unum
606 3040 662 3104 par
672 3014 840 3082 calcarium
850 3013 901 3079 vel
916 3026 1049 3100 quatuor
1064 3010 1206 3078 denarios
1216 3012 1251 3077 in
1266 3012 1398 3078 termino
1413 3013 1533 3080 Pasche
1547 3038 1603 3103 pro
1619 3015 1704 3080 omni
1715 3016 1877 3082 exactione

493 3122 665 3190 vexacione
679 3134 712 3186 et
726 3119 880 3186 demanda
893 3120 975 3186 sicut
984 3120 1019 3184 in
1030 3119 1108 3186 dicti
1117 3118 1281 3186 Vincentii
1292 3135 1376 3186 carta
1385 3119 1563 3186 continetur
1577 3120 1740 3188 dominum
1750 3121 1877 3188 Petrum

492 3231 574 3296 bone
589 3226 738 3293 memorie
753 3225 879 3292 Ossorie
893 3225 1074 3314 episcopum
1089 3225 1174 3291 dicto
1189 3224 1364 3292 Vincencio
1379 3225 1569 3313 persolvisse.

557 3335 692 3418 Quodsi
707 3359 726 3400 a
744 3333 902 3399 solucione
913 3332 1124 3420 predictorum
1138 3333 1304 3400 calcarium
1319 3331 1396 3398 dieti
1411 3333 1553 3400 canonici
1568 3357 1624 3422 per
1647 3357 1763 3400 annum
1782 3357 1877 3401 cesss-

494 3441 598 3508 verint
611 3441 713 3507 dictus
729 3440 926 3506 Thurstanus
941 3439 992 3505 vel
1007 3439 1136 3506 heredes
1150 3441 1217 3527 ejus
1231 3439 1408 3529 predictum
1422 3453 1547 3528 pratum
1560 3440 1723 3506 intrabunt
1736 3455 1769 3506 et
1782 3440 1877 3506 libere

492 3547 696 3637 possidebunt
712 3545 862 3612 solvendo
878 3545 1039 3611 annuatim
1053 3544 1201 3633 predictis
1216 3543 1373 3610 canonicis
1388 3543 1467 3608 duos
1485 3543 1599 3609 solidos
1619 3544 1749 3632 argenti.
1785 3544 1830 3610 Et
1842 3557 1878 3610 ut

492 3656 551 3722 hec
565 3653 720 3721 concessio
735 3666 768 3720 et
781 3653 876 3740 hujus
890 3652 1110 3720 convencionis
1124 3651 1322 3719 confirmacio
1330 3649 1364 3716 in
1378 3649 1609 3739 presenciarum
1621 3663 1689 3718 rata
1701 3662 1879 3738 permaneat

492 3760 573 3827 etin
587 3772 744 3848 postemm
768 3758 950 3824 inconcussa
969 3757 1119 3823 habeatur
1142 3755 1276 3845 predicti
1295 3755 1436 3822 canonici
1455 3755 1537 3844 parti
1562 3755 1726 3844 cyrograffi
1746 3755 1878 3843 predicti

493 3865 664 3934 Thurstani
678 3863 817 3954 sigillum
831 3886 923 3929 suurn
938 3874 1148 3950 apposuerunt
1164 3873 1216 3926 ·et
1229 3858 1314 3926 idem
1323 3859 1520 3926 Thurstanus
1534 3859 1616 3947 parti
1631 3859 1795 3950 cyrograffi
1808 3883 1877 3948 pre-

493 3974 648 4041 dictorum
668 3969 888 4038 canonicorum
908 3967 1048 4057 sigillum
1069 3989 1161 4032 suum
1180 3965 1325 4055 apposuit
1341 4005 1347 4018 ·
1363 3966 1422 4034 hec
1444 3968 1615 4035 convencio
1629 3969 1710 4036 facta
1722 3969 1785 4036 fuit
1798 3995 1878 4038 anno

492 4079 703 4150 coronacionis
718 4078 851 4144 Henrici
864 4075 954 4144 tercii
967 4074 1049 4164 regis
1063 4073 1183 4162 Anglie
1197 4073 1431 4164 quintodecimo
1447 4113 1454 4128 ·
1469 4074 1546 4142 luna
1559 4089 1701 4143 currente
1720 4099 1776 4165 per
1799 4076 1876 4142 xvii.

493 4190 583 4258 litera
596 4215 623 4258 c.
634 4199 755 4255 mutata
769 4185 809 4253 de
823 4185 853 4253 d.
865 4195 991 4276 propter
1004 4182 1173 4252 bisextum.
