4284 5412
1018 607 1059 677 51

410 765 455 831 Et
467 780 505 831 ut
518 765 576 832 beo
601 789 671 831 mea
685 764 816 830 donacio
842 764 926 852 apud
946 778 1083 854 posteros
1106 777 1172 830 rata
1197 777 1229 830 et
1243 763 1332 830 firma
1346 777 1525 853 permaneat
1542 788 1612 831 eam
1630 764 1733 853 sigillo

345 895 413 936 meo
427 870 558 960 signavi.
602 871 749 937 Testibus
762 909 768 922 ·
782 870 818 935 L.
829 870 950 937 Dublin
965 871 1217 960 archiepiscopo·
1231 871 1337 938 Kinad
1351 871 1496 961 episcopo
1511 885 1543 939 et
1554 873 1731 961 Edenigmo

347 979 456 1043 abbate
471 977 510 1042 de
525 977 739 1044 Glendalaoha
755 1014 761 1027 ·
774 975 867 1042 Enna
880 976 946 1042 filio
969 1001 1039 1043 meo
1053 1016 1060 1029 ·
1073 977 1191 1044 Felano
1206 977 1395 1044 Macfeolani
1412 1017 1418 1032 ·
1435 980 1476 1044 D.
1493 979 1643 1068 Macgilla
1658 979 1731 1044 Col-

346 1109 414 1151 moe
426 1124 433 1136 ·
447 1084 656 1151 Ethmarchac
671 1100 703 1151 et
713 1083 806 1150 Aralt
820 1084 892 1152 filiis
908 1085 1037 1152 Coriaill
1049 1125 1056 1138 ·
1069 1087 1108 1152 G.
1122 1087 1318 1174 Macgunnar
1333 1101 1365 1153 et
1379 1086 1447 1153 aliis
1461 1085 1577 1152 multis.

1019 1433 1059 1506 L.

706 1617 813 1692 daur
828 1621 864 1691 tr
881 1617 1078 1708 instructa!
1096 1633 1125 1694 tt
1141 1619 1366 1712 multantur.

433 1805 563 1872 Mnibus
578 1805 696 1872 Christi
710 1806 854 1873 fidelibus
868 1831 992 1896 presens
1006 1806 1156 1897 scriptum
1169 1809 1354 1898 inspecturis
1368 1807 1420 1874 vel
1434 1807 1586 1875 audituris
1598 1805 1730 1872 Almau-

454 1917 536 1984 ricus
550 1916 590 1981 de
605 1915 712 1981 Hosda
734 1916 864 1982 salutem
882 1917 917 1981 in
932 1915 1079 1982 Domino.
1123 1917 1256 1982 Noverit
1277 1915 1463 1981 universitas
1485 1927 1588 1982 vestra
1609 1938 1661 1981 me
1675 1938 1732 2002 pro

347 2023 442 2088 salute
458 2022 560 2088 anime
576 2044 645 2086 mee
660 2034 692 2087 et
712 2020 735 2084 J
736 2020 857 2086 ohanne
868 2020 975 2085 uxoris
990 2045 1059 2088 mee
1074 2045 1283 2087 successorum
1303 2034 1335 2087 et
1349 2033 1578 2087 antecessorum
1591 2045 1732 2087 meorum

347 2129 528 2195 concessisse
542 2139 575 2194 et
584 2127 778 2194 confirmasse
793 2126 921 2193 ecclesie
931 2127 1083 2192 Omnium
1095 2127 1279 2193 Sanctorum
1289 2128 1385 2213 juxta
1394 2125 1516 2192 Dublin
1531 2140 1563 2192 et
1576 2127 1733 2194 canonicis

348 2236 463 2302 ibidem
475 2237 545 2302 Deo
560 2233 765 2302 servientibus
780 2247 810 2300 et
825 2234 1049 2302 successoribus
1062 2258 1171 2299 eorum
1184 2233 1219 2299 in
1233 2246 1419 2323 perpetuum
1433 2245 1531 2299 totam
1546 2247 1659 2298 terram
1671 2258 1732 2320 que

349 2344 460 2411 dicitur
469 2343 631 2432 Balidugil
645 2357 678 2410 et
691 2341 890 2431 Balikeligan
907 2382 913 2395 ·
931 2367 1025 2430 quam
1045 2343 1142 2408 iidem
1161 2341 1302 2408 canonici
1313 2341 1432 2407 babent
1453 2363 1496 2404 ex
1516 2337 1598 2404 dono
1608 2338 1733 2428 Regum

350 2451 546 2537 antiquorum
561 2447 818 2516 Hibemiensium
841 2472 914 2513 oum
938 2448 1082 2514 omnibus
1096 2445 1297 2536 pertinenciis
1320 2444 1384 2512 suis
1398 2445 1433 2510 in
1448 2469 1510 2532 qua
1524 2444 1594 2508 dixi
1617 2468 1667 2510 me
1678 2445 1732 2531 jus

349 2557 460 2623 habere
474 2594 480 2608 ·
493 2555 527 2621 in
538 2578 648 2643 puram
663 2567 695 2620 et
705 2565 887 2642 perpetuam
902 2552 1102 2620 elemosinam
1117 2553 1294 2620 habendam
1308 2566 1340 2619 et
1354 2551 1520 2617 tenendam
1535 2549 1616 2617 siout
1630 2549 1734 2635 aliqua

350 2659 516 2726 elemosina
528 2657 657 2724 liberius
680 2670 712 2722 et
726 2655 836 2721 melius
850 2668 953 2744 potest
966 2657 1065 2722 teneri
1080 2671 1113 2722 et
1126 2655 1234 2722 haberi
1249 2658 1289 2722 ab
1304 2656 1390 2721 omni
1404 2655 1569 2722 exactione
1593 2654 1731 2721 seculari

350 2764 452 2846 Quare
475 2763 548 2828 volo
563 2761 648 2849 quod
661 2760 758 2826 iidem
780 2759 923 2826 canonici
944 2760 1075 2826 eandem
1094 2773 1207 2826 terram
1221 2773 1349 2826 teneant
1363 2774 1396 2826 et
1409 2784 1466 2848 per
1488 2759 1612 2827 easdem
1633 2775 1732 2827 metas

350 2897 402 2959 per
416 2895 492 2959 quaa
506 2894 575 2937 eam
585 2883 724 2956 tempore
735 2867 936 2933 confectionis
946 2867 1041 2953 hujus
1055 2881 1137 2934 carte
1148 2869 1297 2936 tenebant
1310 2867 1489 2955 possideant
1498 2867 1533 2931 in
1547 2891 1623 2955 pace
1634 2866 1732 2933 libere

350 2977 451 3063 quiete
465 2978 586 3066 integre
601 2974 738 3064 plenarie
752 2973 880 3062 pacifice
894 2973 1065 3040 honorifice
1076 2973 1110 3038 in
1125 2975 1269 3042 omnibus
1283 2974 1480 3042 libertatibus
1494 2987 1526 3040 et
1539 2973 1644 3040 liberis
1659 2996 1733 3038 con-

349 3082 562 3148 suetudinibus
577 3081 617 3146 ad
630 3079 761 3146 liberam
775 3077 975 3144 elemosinam
985 3077 1223 3166 pertinentibus.
1261 3077 1305 3146 Et
1320 3081 1468 3167 quoniam
1481 3079 1604 3145 nullum
1614 3081 1733 3145 bonum

349 3187 603 3254 irremuneratum
618 3185 657 3252 R.
672 3199 748 3251 tunc
762 3183 911 3273 temporis
925 3185 1016 3250 Prior
1030 3184 1114 3251 illius
1134 3185 1262 3252 ecclesie
1282 3199 1315 3252 et
1333 3187 1473 3273 ejusdem
1492 3199 1663 3252 conventus
1681 3209 1732 3251 me

350 3293 389 3357 A.
401 3306 433 3359 et
446 3293 477 3360 J.
492 3317 624 3360 uxorem
638 3316 740 3359 meam
755 3293 789 3357 in
796 3293 1019 3360 fraternitatem
1029 3294 1113 3362 dicte
1128 3295 1255 3362 ecclesie
1269 3308 1471 3384 susceperunt
1484 3293 1650 3382 participes
1664 3317 1731 3359 ora·

348 3398 468 3462 tionum
487 3397 704 3488 suffragiorum
727 3413 760 3464 et
774 3399 915 3465 omnium
929 3402 1083 3468 bonorum
1103 3425 1163 3487 que
1177 3401 1212 3465 in
1226 3401 1335 3468 eadem
1356 3399 1485 3466 eeclesia
1500 3398 1567 3464 fieri
1582 3411 1731 3487 poterunt

348 3504 577 3593 imperpetuum
587 3541 594 3554 ·
606 3528 728 3570 necnon
739 3518 772 3570 at
782 3503 899 3570 animas
914 3528 1123 3570 successorum
1134 3516 1166 3571 et
1179 3503 1430 3592 predecessorum
1443 3515 1628 3567 nostrorum.
1665 3501 1731 3567 Nos

347 3625 451 3676 autem
460 3609 494 3675 in
505 3620 655 3696 potestate
666 3621 770 3674 nostra
777 3607 876 3674 libera
885 3607 1047 3674 voluntate
1058 3622 1227 3696 spontanea
1241 3609 1397 3695 omni-juri
1408 3609 1443 3673 in
1451 3608 1537 3675 diota
1545 3623 1628 3676 terra
1641 3609 1731 3676 nobis

347 3731 381 3782 et
393 3714 561 3782 heredibus
578 3715 689 3780 nostris
712 3715 902 3804 competenti
916 3716 1143 3794 renunciamus.
1187 3715 1232 3781 Et
1245 3740 1285 3783 ne
1304 3739 1397 3805 super
1410 3716 1470 3781 hoc
1484 3739 1541 3804 per
1554 3737 1731 3804 processum

345 3821 494 3912 temporis
506 3821 600 3888 alicui
611 3821 707 3910 possit
717 3821 865 3888 devenire
874 3821 908 3886 in
917 3822 1049 3888 dubium
1060 3861 1067 3875 ·
1079 3845 1203 3910 presens
1217 3821 1367 3910 seriptum
1381 3821 1477 3911 sigilli
1486 3822 1548 3888 mei
1557 3821 1730 3888 munimine

346 3929 407 3996 feci
421 3927 617 3996 communiri.
661 3927 735 3992 Hiis
748 3926 880 3993 testibus
894 3927 1068 4016 specialiter
1082 3928 1123 3994 ad
1136 3928 1197 3994 hoc
1211 3927 1388 3994 convocatis
1405 3963 1412 3980 ·
1428 3927 1556 3994 domino
1571 3927 1609 3993 R.
1622 3926 1729 3992 Priore

345 4036 460 4104 Sancte
481 4032 645 4100 Trinitatis
666 4071 673 4084 ·
693 4032 821 4098 domino
845 4033 884 4098 G.
903 4032 942 4099 de
964 4033 1090 4098 Turvill
1113 4032 1330 4100 archidiacono
1350 4033 1473 4100 Dublin
1495 4072 1501 4086 ·
1522 4033 1670 4124 magistro
1689 4032 1729 4098 T.

343 4140 530 4210 cancellario
551 4137 658 4206 Sancti
677 4136 805 4205 Patricii
821 4177 828 4192 ·
845 4139 972 4205 domino
990 4139 1140 4230 Philippo
1159 4140 1199 4205 de
1218 4138 1348 4228 Nugent
1363 4175 1370 4194 ·
1387 4140 1514 4206 domiuo
1533 4139 1672 4230 Hugone
1691 4138 1730 4204 de

345 4245 518 4312 Esthamur
534 4282 540 4296 ·
556 4243 683 4309 domino
698 4241 874 4332 Reginaldo
890 4243 1064 4310 Talebothe
1080 4283 1087 4296 ·
1102 4243 1286 4314 Almourioo
1301 4245 1340 4314 de
1354 4244 1485 4336 Nugent
1499 4283 1507 4300 ·
1522 4245 1675 4312 Nicholao
1690 4245 1729 4311 de

347 4347 478 4441 Nugent
491 4364 525 4416 et
538 4349 615 4417 aliis

1006 4498 1040 4563 H
1055 4503 1075 4564 2
1673 4496 1727 4562 LI.
