4306 5414
1150 627 1197 721 96

479 813 563 880 cives
577 812 716 902 sigillum
731 834 822 877 suum
837 831 1003 876 commune
1017 820 1237 896 apposuerunt.
1253 807 1372 874 Datum
1383 805 1468 894 apud
1477 804 1600 871 Dublin
1612 805 1761 872 vicesimo
1772 808 1874 896 primo

482 919 533 986 die
548 922 570 987 J
571 921 628 987 ulii
643 943 724 986 anno
739 917 829 1006 regni
844 915 966 1004 Regino
981 929 1084 982 nostre
1096 915 1262 981 Elisabeth
1278 913 1435 980 tricesimo
1455 924 1565 998 quarto
1589 935 1733 998 annoque
1754 911 1874 978 domini

480 1027 646 1093 millesimo
661 1020 912 1112 quingentesimo
927 1020 1128 1108 nonagesimo
1143 1019 1289 1085 secundo.

1121 1361 1229 1437 VIII.

792 1546 864 1648 [th
880 1549 976 1622 not:
993 1547 1064 1642 nt:
1086 1572 1118 1620 2.
1145 1549 1240 1623 eon.
1262 1550 1316 1623 tt.
1342 1547 1492 1634 ffltmh:
1520 1546 1594 1646 42.]

552 1733 701 1800 Ohsnnes
721 1730 760 1796 de
780 1730 922 1796 Hothom
943 1746 975 1795 et
989 1730 1144 1798 Robertus
1164 1732 1203 1798 de
1217 1732 1375 1798 Astetoun
1395 1731 1451 1818 qui
1473 1731 1612 1798 tulerunt
1630 1733 1691 1799 trie
1706 1732 1815 1798 brevis
1834 1733 1874 1799 de

573 1838 731 1928 plegiariis
746 1837 848 1904 averie
863 1860 969 1902 versus
984 1837 1125 1903 Priorem
1141 1838 1294 1903 Omnium
1312 1837 1497 1904 Sanctorum
1509 1838 1606 1924 juxta
1620 1837 1743 1905 Dublin
1757 1853 1790 1904 et
1803 1863 1873 1927 pre·

484 1948 585 2014 dictus
600 1947 692 2012 Prior
705 1945 847 2010 similiter
855 1945 945 2011 venit
955 1959 987 2010 et
1002 1945 1081 2032 petit
1096 1945 1259 2011 licenciam
1274 1945 1482 2012 concordandi
1494 1959 1527 2012 et
1537 1947 1621 2012 hunc
1636 1946 1676 2012 ed
1689 1947 1873 2015 instanciam

483 2054 616 2144 predicti
631 2054 652 2119 J
654 2051 784 2119 ohannis
799 2050 838 2117 de
854 2050 996 2116 Hothom
1016 2065 1048 2116 et
1065 2065 1175 2118 cetera.
1220 2053 1265 2117 Et
1279 2067 1325 2118 est
1343 2052 1509 2118 concordia
1527 2053 1597 2120 telis
1617 2054 1702 2139 quod
1716 2053 1874 2141 predictus

483 2162 574 2228 Prior
588 2158 737 2248 cognovit
751 2182 783 2224 se
797 2158 948 2245 recepisse
963 2157 1003 2224 de
1018 2158 1166 2246 predictis
1180 2159 1203 2224 J
1203 2159 1325 2226 chenne
1346 2173 1379 2225 et
1393 2160 1531 2226 Roberto
1551 2173 1652 2226 totum
1666 2162 1826 2228 redditum
1839 2163 1874 2228 in

483 2267 623 2356 quesibi
645 2280 677 2332 et
695 2264 803 2330 domui
825 2288 880 2329 sue
902 2287 1001 2348 usque
1020 2262 1060 2328 ad
1074 2261 1188 2328 festum
1210 2263 1328 2330 Pasche
1348 2262 1494 2350 proximo
1515 2262 1657 2330 futurum
1678 2267 1873 2332 tenebantur.

484 2379 528 2443 Et
546 2374 679 2464 predicti
693 2372 853 2439 Johannes
872 2383 904 2435 et
919 2369 1074 2435 Robertus
1096 2380 1311 2456 cognoverunt
1330 2391 1362 2432 se
1384 2367 1514 2434 reddere
1534 2391 1723 2456 perannum
1742 2371 1782 2437 ad
1796 2371 1874 2438 duos

483 2482 632 2549 terminos
646 2479 720 2546 unni
735 2493 805 2544 octo
819 2477 914 2543 libras
928 2490 960 2542 et
975 2490 1045 2542 octo
1060 2475 1173 2542 solidos
1187 2475 1327 2564 predicto
1339 2474 1440 2540 Priori
1455 2488 1487 2541 et
1502 2475 1726 2542 successoribus
1740 2477 1803 2543 suis
1818 2477 1875 2543 do-

483 2610 553 2653 mus
567 2609 621 2652 sue
635 2582 775 2672 predicte
790 2605 847 2670 pro
862 2579 1046 2646 tenementis
1061 2604 1122 2666 que
1137 2579 1234 2644 iidem
1247 2579 1269 2645 J
1271 2578 1407 2644 ohannes
1429 2591 1461 2643 et
1476 2578 1632 2645 Robertus
1651 2593 1819 2648 tenuerunt
1833 2583 1873 2649 de

484 2693 625 2782 predicto
639 2690 779 2779 prioratu
799 2687 833 2752 in
849 2685 986 2775 Kyltork
1002 2700 1034 2752 et
1048 2685 1158 2751 Belese
1175 2685 1254 2768 [002
1277 2683 1414 2770 Dublin]
1439 2684 1570 2750 durante
1588 2686 1721 2752 termino
1736 2687 1873 2776 ipsorum

484 2797 638 2866 Johannis
662 2809 693 2862 et
712 2793 842 2861 Roberti
862 2805 1009 2859 contento
1028 2791 1062 2857 in
1082 2792 1217 2880 quodam
1241 2791 1355 2879 scripto
1377 2791 1460 2856 inter
1482 2791 1658 2879 predictum
1679 2794 1821 2860 Priorem
1842 2808 1875 2860 et
2014 2839 2018 2850 ·

485 2919 676 2969 conventum
699 2924 789 2965 suum
809 2912 842 2965 et
855 2900 876 2965 J
878 2899 1033 2964 ohannem
1049 2896 1079 2962 le
1099 2895 1274 2962 Maresehal
1289 2895 1328 2961 de
1346 2894 1493 2982 predictis
1515 2897 1700 2963 tenementis
1723 2899 1873 2965 confecto.

487 3011 532 3075 Et
545 3033 602 3097 pro
617 3009 676 3074 hac
697 3006 911 3094 recognitione
933 3005 1092 3093 predictus
1113 3005 1204 3071 Prior
1225 3003 1376 3070 concessit
1394 3028 1451 3092 pro
1466 3017 1545 3070 sect
1565 3005 1790 3072 successoribus
1812 3008 1875 3072 suis

485 3115 572 3203 quod
586 3115 716 3180 durante
736 3111 868 3178 termino
887 3111 1098 3199 predictorum
1112 3112 1134 3178 J
1135 3111 1267 3177 ohannis
1282 3125 1314 3176 et
1329 3110 1459 3177 Roberti
1474 3111 1513 3177 de
1528 3112 1713 3178 tenementis
1727 3111 1875 3200 predictis

485 3246 550 3288 non
570 3219 678 3308 exiget
697 3217 847 3303 majorem
872 3214 1032 3280 redditum
1053 3214 1093 3280 de
1113 3213 1262 3303 predictis
1285 3213 1469 3280 tenementis
1492 3213 1552 3280 nisi
1573 3228 1697 3283 tuntum
1720 3215 1874 3304 predictas

486 3341 557 3396 octo
571 3326 665 3392 libras
680 3337 713 3393 et
728 3335 798 3390 octo
813 3319 927 3387 solidos
942 3331 974 3386 et
987 3331 1098 3386 cetera.

1147 3615 1215 3689 rx.

777 3803 850 3904 [ex
866 3804 960 3878 saut:
977 3801 1048 3894 sa:
1072 3826 1125 3875 11.
1143 3803 1238 3877 em.
1256 3803 1309 3876 n.
1327 3800 1479 3888 euros:
1498 3799 1572 3902 79]

571 3990 650 4056 Rior
667 3986 795 4056 ecclesie
814 3985 967 4053 Omnium
991 3984 1176 4052 Sanctorum
1192 3985 1290 4072 juxte
1308 3985 1432 4051 Dubiin
1453 3986 1534 4074 petit
1547 4009 1652 4053 versus
1664 3987 1820 4056 Thomam
1836 3989 1875 4056 de

597 4095 764 4164 Cromhsle
783 4109 816 4162 et
832 4093 972 4160 Aliciam
996 4117 1130 4158 uxorem
1151 4094 1218 4179 ejus
1241 4118 1341 4158 unum
1364 4093 1560 4182 mesuagium
1582 4107 1614 4160 et
1635 4107 1695 4160 tres
1719 4112 1876 4164 carucatas

487 4219 567 4272 terre
582 4227 655 4272 cum
670 4200 870 4290 pertinenciis
884 4199 918 4264 in
933 4201 1108 4267 Kildronan
1124 4200 1204 4284 [Cot
1220 4201 1342 4289 Kyldar
1351 4207 1374 4288 :]
1399 4225 1459 4288 que
1479 4201 1593 4267 clamat
1605 4225 1670 4266 esse
1680 4201 1734 4288 jus
1748 4204 1877 4271 ecclesie

487 4333 542 4377 sue
556 4308 695 4398 predicte
710 4319 743 4374 et
756 4306 790 4372 in
805 4331 866 4394 que
878 4306 975 4373 fidem
991 4308 1130 4374 Thomas
1150 4322 1182 4374 et
1196 4307 1303 4375 Alicia
1321 4333 1385 4374 non
1406 4309 1524 4375 habent
1542 4308 1713 4398 ingressum
1733 4311 1793 4376 nisi
1807 4326 1878 4401 post

487 4416 679 4485 disseisinam
694 4439 789 4504 quem
804 4413 977 4482 Mauricius
990 4415 1074 4482 filius
1083 4415 1213 4483 Geraldi
1227 4417 1301 4484 inde
1313 4416 1429 4505 injuste
1444 4428 1476 4482 et
1490 4415 1557 4482 sine
1566 4414 1689 4504 judicio
1703 4416 1778 4484 fecit
1791 4415 1878 4482 fratri

1446 4553 1448 4560 v
1770 4519 1877 4588 David

1043 4739 1062 4782 0
