4284 5412
1135 625 1182 694 24

463 779 548 844 omni
563 779 727 847 exactione
751 793 783 848 et
798 781 961 849 demanda.
1005 784 1049 850 Et
1073 809 1134 874 ego
1152 787 1311 853 Johannes
1327 788 1408 854 filius
1423 789 1577 857 Dermioii
1596 805 1628 858 et
1641 792 1771 860 heredes
1793 793 1857 860 mei

463 901 534 974 post
547 911 598 953 me
613 888 733 955 dietum
748 891 899 956 batellurn
923 895 1097 976 cano[aicis
1111 901 1293 982 memo]rate
1316 898 1445 964 ecclesie
1465 913 1572 966 contra
1595 923 1701 966 omnes
1715 902 1856 967 homines

462 995 733 1062 warentizabimus
749 1036 756 1049 -
772 1013 809 1064 ut
822 999 882 1065 hec
901 1003 1036 1088 a[utem]
1053 1027 1123 1069 mea
1137 1005 1268 1071 donacio
1292 1006 1449 1072 concessio
1467 1021 1499 1072 et
1518 1007 1717 1074 confirmacio
1736 1008 1771 1072 in
1786 1031 1854 1096 pre-

463 1101 638 1168 senciamm
659 1101 726 1169 rata
739 1121 919 1191 permaneat
933 1120 965 1172 et
979 1107 1013 1171 in
1028 1127 1185 1195 posterum
1201 1109 1383 1175 inconcussa
1396 1111 1548 1177 habeatur
1562 1135 1686 1198 presens
1708 1113 1857 1201 seriptum

465 1206 562 1293 sigilli
588 1207 651 1273 mei
683 1208 884 1296 impressione
909 1209 970 1276 feci
1000 1211 1196 1276 communiri.
1240 1212 1314 1278 Hiis
1334 1213 1465 1280 testibus
1487 1252 1493 1265 ·
1514 1215 1642 1281 domino
1660 1216 1766 1282 David
1792 1217 1858 1282 filio

463 1310 619 1378 Willelmi
633 1315 748 1379 barone
758 1315 810 1381 del
824 1314 907 1380 Naas
923 1353 929 1366 ·
946 1316 1075 1381 domino
1085 1317 1229 1383 Gilberto
1244 1319 1284 1383 de
1299 1319 1461 1408 Bellofago
1478 1358 1485 1370 ·
1502 1320 1657 1387 Mauricio
1673 1322 1767 1389 Mach
1783 1322 1857 1387 Mu·

464 1417 542 1484 ruch
558 1456 564 1470 ·
581 1418 724 1485 Gilberto
750 1421 802 1488 del
817 1421 903 1487 Yuet
918 1461 925 1474 ·
941 1422 1097 1489 Mauricio
1120 1423 1186 1489 filio
1206 1423 1362 1490 Willelmi
1387 1427 1511 1492 baronis
1533 1427 1585 1493 del
1607 1427 1691 1493 Naas
1707 1468 1714 1480 ·
1731 1429 1858 1494 domina

467 1521 603 1588 Olarioia
617 1547 728 1610 sponsa
742 1547 812 1591 mea
828 1563 834 1578 ·
850 1526 978 1592 domino
994 1529 1118 1594 Thomu
1134 1528 1253 1595 Corner
1269 1568 1275 1581 ·
1292 1530 1480 1598 Duveualdo
1495 1556 1564 1599 mae
1579 1532 1697 1622 Duneg
1714 1533 1857 1599 ·Willel-

465 1652 517 1693 mo
532 1631 699 1698 senescallo
713 1655 784 1697 meo
800 1670 807 1684 ·
823 1645 855 1698 et
870 1632 1008 1699 Roberto
1022 1633 1088 1698 filio
1103 1633 1228 1698 Warini
1243 1650 1275 1700 et
1289 1634 1366 1700 aliis.

1095 1954 1224 2026 XVII.

950 2137 1007 2214 Ba
1023 2137 1139 2214 tauta
1158 2139 1352 2233 placationis.
1447 2087 1449 2092 Ι

531 2323 625 2391 Oiant
638 2337 795 2412 presentes
818 2338 850 2390 et
867 2309 965 2390 iuturi
985 2327 1070 2412 quod
1093 2351 1153 2416 ego
1172 2327 1332 2394 Johannes
1357 2328 1440 2394 filius
1458 2329 1612 2396 lobannis
1630 2328 1688 2394 filii
1702 2328 1855 2395 Dennicii

552 2431 688 2499 concessi
699 2445 732 2498 et
740 2431 882 2518 quietum
896 2431 1028 2498 clamavi
1039 2455 1096 2519 pro
1110 2455 1161 2497 me
1176 2445 1208 2496 et
1218 2431 1385 2498 heredibus
1396 2433 1473 2499 meis
1483 2433 1517 2498 in
1528 2449 1713 2521 perpetuum
1728 2434 1856 2500 ecclesie

464 2540 617 2607 Omnium
635 2538 820 2604 Sanctorum
830 2536 927 2622 juxta
941 2534 1065 2600 Dublin
1079 2547 1111 2601 et
1125 2534 1282 2608 canonicis
1297 2535 1415 2602 ibidem
1430 2537 1538 2603 divina
1557 2537 1660 2605 officia
1673 2537 1856 2604 celebranti-

460 2649 520 2716 bus
536 2685 542 2698 ·
559 2671 615 2734 pro
630 2645 728 2712 salute
743 2645 846 2710 anime
860 2666 930 2710 mee
947 2655 980 2709 et
999 2641 1160 2708 animabus
1174 2642 1270 2730 patris
1285 2655 1317 2708 et
1330 2643 1438 2708 matris
1452 2667 1521 2710 mee
1535 2657 1568 2710 et
1582 2656 1808 2711 antecessorum
1823 2659 1855 2710 et

460 2777 672 2822 successorum
691 2776 831 2818 meorum
848 2791 855 2804 ·
870 2751 1021 2818 batallum
1036 2763 1068 2816 et
1082 2763 1183 2816 totum
1193 2751 1247 2838 jus
1262 2751 1288 2816 si
1303 2750 1388 2837 quod
1402 2750 1500 2816 habui
1514 2750 1566 2817 vel
1579 2750 1694 2817 habere
1709 2749 1804 2816 debui
1820 2749 1853 2814 in

461 2861 550 2948 aquis
565 2858 687 2925 Dubliu
710 2859 749 2924 ad
764 2859 915 2924 salmones
930 2883 985 2924 seu
999 2857 1075 2924 alios
1096 2858 1196 2946 pisces
1219 2859 1386 2947 capiendos
1403 2897 1409 2910 ·
1426 2883 1498 2925 cum
1518 2858 1604 2923 omni
1623 2857 1722 2924 eciam
1732 2857 1805 2944 jure
1820 2857 1853 2922 in

461 2968 537 3054 ipsis
552 2965 640 3052 aquis
654 2964 795 3053 piscandi
809 2965 850 3029 ad
868 2989 919 3031 me
934 2963 986 3030 vel
999 2964 1129 3030 heredes
1154 2988 1239 3030 meos
1258 2965 1433 3052 pertinente
1447 2964 1482 3028 in
1496 2987 1607 3051 puram
1625 2979 1657 3030 et
1671 2977 1852 3052 perpetuam

461 3071 662 3140 elemosinam
677 3069 835 3135 canonicis
855 3069 938 3135 dicte
953 3068 1082 3135 ecclesie
1097 3069 1131 3133 in
1146 3085 1332 3158 perpetuum
1346 3094 1547 3158 permansura
1566 3070 1644 3136 adeo
1664 3070 1760 3137 libere
1775 3069 1855 3136 sicut

462 3182 566 3267 aliqua
584 3178 753 3245 elemosina
770 3176 882 3242 melius
901 3191 934 3242 et
947 3176 1075 3242 liberius
1090 3177 1157 3242 dari
1172 3191 1282 3265 potest.
1327 3179 1389 3242 Pro
1403 3177 1462 3244 hac
1482 3193 1586 3243 autem
1608 3177 1804 3243 concessione
1822 3190 1854 3240 et

461 3287 567 3374 quieta
589 3283 780 3351 elamacione
803 3296 948 3348 tenentur
962 3282 1095 3370 predicti
1109 3283 1252 3350 canonici
1266 3283 1364 3349 michi
1379 3297 1411 3349 et
1425 3283 1593 3349 heredibus
1615 3282 1693 3349 meis
1707 3281 1781 3348 dare
1799 3305 1852 3348 au·

459 3391 581 3457 nuatim
604 3412 703 3455 unum
717 3387 826 3452 florem
849 3409 917 3452 rose
935 3384 969 3451 in
989 3386 1041 3452 die
1058 3386 1165 3453 Sancti
1178 3387 1332 3453 Johannis
1347 3387 1488 3475 Baptista
1502 3388 1537 3453 in
1555 3388 1685 3455 ecclesia
1699 3388 1851 3454 Omnium

463 3497 648 3563 Sanctorum
671 3493 819 3581 predicta.
864 3492 969 3574 Quare
992 3516 1051 3580 ego
1065 3492 1225 3559 Johanues
1244 3493 1327 3558 filius
1346 3493 1404 3558 filii
1419 3492 1572 3559 Dermieii
1596 3507 1628 3560 et
1642 3493 1771 3561 heredes
1790 3494 1851 3561 mei

462 3602 496 3667 in
516 3616 701 3690 perpetuum
716 3599 874 3665 Batellum
888 3612 921 3664 et
930 3598 983 3684 jus
998 3598 1139 3686 piscandi
1154 3598 1330 3687 predictum
1345 3599 1379 3664 in
1398 3599 1487 3685 aquis
1502 3598 1624 3665 Duan
1647 3599 1794 3688 predictis
1817 3615 1853 3664 ut

461 3706 637 3795 predictum
651 3717 698 3769 est
712 3717 880 3768 memorate
899 3701 1028 3768 ecclesie
1043 3701 1195 3767 Omnium
1213 3701 1398 3768 Sanctorum
1413 3717 1445 3768 et
1463 3703 1604 3789 ejusdem
1618 3702 1680 3770 loci
1694 3704 1850 3770 canonicis

462 3827 570 3880 contra
584 3833 690 3876 omnes
705 3810 846 3875 homines
861 3824 894 3875 et
906 3809 1036 3875 feminas
1059 3809 1328 3876 warantizabimus
1351 3824 1383 3877 et
1393 3810 1427 3875 in
1440 3824 1626 3898 perpetuum
1640 3810 1852 3878 defendemus.

462 3917 507 3982 Et
521 3932 557 3982 ut
570 3917 630 3982 heo
643 3939 713 3981 mea
732 3915 889 3982 concessio
908 3929 941 3980 et
955 3914 1062 4001 quieta
1075 3914 1225 3981 clamucio
1243 3932 1310 3981 rata
1329 3929 1361 3982 et
1373 3917 1463 3982 firma
1477 3915 1511 3981 in
1528 3931 1716 4004 perpetuum
1730 3939 1850 4004 perma-

461 4037 556 4088 neant
568 4059 575 4073 ·
587 4043 711 4109 presens
726 4019 875 4106 scriptum
890 4017 985 4107 sigilli
999 4018 1062 4083 mei
1076 4017 1277 4106 impressione
1291 4021 1444 4086 roboravi.
1467 4019 1540 4086 Hiis
1554 4020 1685 4087 testibus
1698 4020 1852 4088 -dominis

461 4127 599 4193 Roberto
609 4122 752 4189 Talebod
764 4159 771 4174 ·
782 4121 963 4210 Augustino
977 4120 1043 4186 filio
1058 4121 1176 4210 Rogeri
1190 4123 1343 4190 militibus
1359 4163 1366 4176 ·
1383 4125 1508 4190 Thoma
1522 4125 1561 4192 de
1576 4125 1761 4214 Wyncestr:
1775 4139 1850 4192 tuuc

461 4233 577 4318 majore
596 4227 719 4294 Dublin
731 4265 738 4279 ·
751 4226 940 4315 Raymundo
955 4227 1110 4316 Peytevin
1128 4231 1191 4316 [et]
1208 4229 1381 4296 Laureueio
1390 4230 1420 4297 le
1430 4231 1552 4297 Taillur
1566 4245 1641 4297 tunc
1664 4231 1828 4320 prepositis
1844 4272 1850 4282 ·

463 4341 601 4427 Symoue
617 4333 727 4402 Unred
743 4372 749 4384 ·
766 4333 908 4398 Waltero
927 4331 1038 4398 Unred
1054 4331 1237 4398 ·Willelmo
1256 4332 1296 4399 de
1312 4333 1520 4423 Balyheneny
1533 4373 1540 4387 ·
1553 4335 1693 4402 Henrico
1708 4336 1848 4402 Lawles·

461 4439 786 4535 rrutgistroRadulpho
798 4439 837 4506 de
851 4437 987 4526 Stygoyl
1001 4437 1114 4506 clerico
1131 4475 1138 4491 ·
1153 4437 1309 4506 Nieholao
1321 4440 1540 4529 Leonynistrie
1555 4441 1668 4509 elerico
1683 4457 1715 4510 et
1730 4443 1806 4508 aliis.

1716 4549 1847 4616 XVlll.
