4306 5414
1119 600 1186 695 136

465 788 502 845 de
515 787 599 864 Rupe
613 785 703 862 juxta
716 784 915 854 Glendelsche,
931 784 1074 842 Dominus
1088 781 1255 842 Willielmnc
1267 780 1412 861 Arspliens,
1428 781 1611 843 1111111111
1624 784 1744 860 Beousn
1757 783 1858 841 Ricar-

464 887 519 944 dua
532 885 636 956 11αὲ11,
650 886 708 945 and
719 883 991 945 others”-Alon’s
1004 885 1080 962 Rep„
1096 884 1213 962 Collega
1226 884 1317 962 Copy,
1333 882 1398 961 364

1029 1025 1107 1104 Pcpe
1122 1041 1168 1104 72,
1183 1023 1240 1084 linc
1252 1041 1296 1084 11.

525 1143 695 1204 waleranus
708 1146 741 1204 de
760 1143 1000 1222 Wsseslcph-In
1018 1142 1145 1223 Lynch's
1159 1142 1270 1202 Feudsl
1287 1141 1441 1218 Dignities,
1463 1159 1491 1217 p.
1506 1140 1554 1215 69,
1573 1138 1718 1198 reference
1735 1140 1761 1198 is
1778 1138 1861 1198 made

468 1253 499 1302 to
512 1242 572 1301 this
585 1244 710 1311 chester,
724 1264 754 1302 11
772 1245 901 1320 existing
913 1245 944 1302 in
958 1244 1008 1302 the
1021 1243 1101 1302 office
1114 1243 1148 1300 of
1156 1241 1207 1301 the
1222 1241 1312 1300 Town
1326 1237 1424 1308 Cleri,
1439 1238 1535 1300 where
1548 1239 1574 1296 it
1591 1237 1616 1295 is
1629 1246 1681 1296 not
1701 1257 1766 1296 now
1781 1245 1812 1296 to
1825 1239 1862 1296 be

468 1343 567 1401 found.
609 1344 765 1421 Crevsghe„
785 1362 819 1402 or
833 1343 976 1413 Crewsth‚
994 1343 1019 1401 is
1036 1363 1103 1402 now
1117 1341 1244 1420 Cruogh.
1284 1341 1320 1400 In
1342 1340 1393 1399 the
1411 1339 1527 1398 chester
1540 1339 1575 1398 of
1584 1339 1659 1398 Heu.
1675 1339 1741 1407 111„
1755 1336 1862 1396 1111111-

467 1440 578 1517 resting
591 1440 642 1498 the
655 1441 737 1499 lande
750 1441 784 1498 of
791 1440 843 1498 the
857 1439 1051 1517 Archbishop,
1067 1439 1213 1498 Cremche
1230 1440 1256 1497 is
1269 1438 1360 1498 cslled
1373 1437 1424 1496 the
1437 1436 1506 1495 lund
1519 1437 1553 1496 of
1562 1435 1690 1494 Richsrd
1707 1436 1743 1494 de
1756 1435 1863 1496 Sancto

469 1538 618 1609 Michaele,
632 1539 708 1599 from
721 1538 816 1598 whose
829 1540 930 1618 femily
944 1539 1100 1618 Wellesley
1113 1537 1171 1596 had
1182 1536 1318 1615 ecquired
1332 1537 1365 1595 it.

528 1639 558 1697 It
576 1658 651 1716 may,
670 1636 802 1715 perhaps,
817 1639 853 1696 be
870 1637 999 1715 thought
1012 1637 1162 1696 allowsble
1180 1636 1213 1694 in
1225 1635 1277 1694 the
1290 1634 1395 1693 Editor
1416 1642 1447 1691 to
1459 1635 1553 1692 insert
1566 1634 1636 1692 here
1649 1651 1686 1692 en
1699 1639 1865 1709 agreement

470 1738 552 1796 mede
565 1737 663 1796 before
675 1737 812 1796 Wnlersn
827 1736 863 1796 de
870 1727 1026 1816 Wellesley
1037 1737 1094 1796 und
1107 1737 1191 1796 other
1201 1737 1341 1796 itinersnt
1354 1736 1374 1795 J
1375 1735 1490 1806 ustioes,
1510 1736 1631 1796 relative
1651 1746 1683 1794 to
1695 1736 1747 1794 the
1765 1735 1863 1812 porish

471 1834 504 1890 of
515 1834 605 1891 Trim.
640 1834 708 1892 Itis
722 1833 810 1892 taken
823 1834 898 1892 from
913 1834 1016 1892 Alnn’s
1029 1833 1176 1912 Registry,
1192 1833 1309 1910 College
1322 1851 1404 1912 copy,
1418 1851 1447 1912 p.
1466 1832 1509 1892 18.

473 2005 491 2030 ‘⁶
506 2013 684 2056 ccucoums
699 2015 794 2056 mrsu
811 2014 992 2057 nstramus
1006 2013 1152 2056 GENVYLL
1166 2013 1207 2055 ΕΤ
1223 2013 1374 2059 EUGONEE
1393 2013 1439 2054 ΕΡ.
1460 2013 1585 2055 EIDEM.
1607 2013 1701 2055 SUPER
1722 2014 1864 2056 Anvocs·

971 2114 1065 2156 0101OE
1080 2113 1204 2154 ECCLEE.
1219 2110 1261 2152 DE
1277 2112 1362 2158 'cmm

533 2223 551 2250 “
565 2217 628 2277 Heo
641 2217 792 2278 estfinalis
808 2218 1046 2282 concordiefacta
1065 2218 1193 2278 incuria
1215 2218 1335 2276 Domini
1354 2218 1491 2282 Edwardi
1512 2220 1636 2280 illustris
1650 2223 1737 2300 Regis
1757 2223 1867 2300 Anglie

472 2316 658 2393 primogeniti
670 2317 749 2395 apud
769 2317 882 2376 Dublin
903 2318 936 2375 in
949 2319 1074 2376 crastino
1087 2319 1184 2376 olsuse
1197 2317 1306 2376 Pasche
1319 2320 1409 2378 Anno
1422 2319 1544 2377 Hem-ici
1556 2319 1610 2378 filii
1623 2321 1711 2398 Regis
1724 2322 1745 2380 J
1746 2322 1867 2384 ohannis

472 2417 563 2495 (xlij.)
575 2419 679 2478 Corum
692 2419 847 2477 Walerano
860 2419 896 2476 de
913 2418 1079 2496 Wellesley,
1096 2419 1266 2477 Alexandro
1279 2419 1315 2477 de
1332 2419 1534 2496 Nottingbam
1551 2421 1692 2498 Magistro
1706 2422 1867 2481 Willielmo

472 2517 507 2576 de
521 2517 689 2595 Wakepure
703 2527 733 2576 et
747 2518 892 2576 Richardo
906 2520 999 2576 Exon
1013 2519 1034 2576 J
1036 2519 1192 2576 usticiariis
1205 2518 1413 2576 itinerantibus
1427 2518 1533 2576 1111111
1547 2520 1639 2596 ipsius
1650 2520 1769 2578 Domini
1780 2523 1867 2599 Regis

472 2616 606 2676 fidelibus
626 2617 735 2678 ibidem
757 2627 829 2676 tunc
852 2618 1036 2694 presentibus
1057 2618 1135 2674 inter
1149 2615 1314 2675 Galfridum
1328 2616 1364 2674 de
1383 2616 1510 2694 Genvyll
1530 2625 1560 2675 et
1579 2618 1731 2678 Matildam
1744 2639 1868 2679 uxorem

471 2718 536 2792 ejus
556 2717 745 2794 impedientes
769 2727 799 2776 11
819 2719 976 2796 Hugonem
998 2718 1158 2776 Midensem
1181 2719 1359 2794 Episcopum
1382 2716 1587 2780 deforciantem
1616 2719 1652 2778 de
1682 2719 1869 2779 advocatione

472 2817 599 2875 Eoolesie
617 2815 653 2874 de
667 2817 758 2894 Trym
778 2817 857 2875 unde
870 2818 972 2876 1111111
985 2817 1091 2875 ultime
1105 2817 1327 2893 presentationis
1349 2826 1466 2893 sumpte
1481 2816 1540 2876 fuit
1554 2819 1631 2882 inter
1649 2837 1696 2876 eos
1716 2819 1747 2875 111
1770 2818 1868 2878 eodem

474 2917 565 2974 Curis
578 2915 688 2972 scilicet
701 2914 780 2990 quod
798 2916 923 2993 predicti
937 2914 1087 2974 Gslfridus
1100 2925 1130 2974 et
1148 2915 1271 2977 Matilde
1289 2915 1466 2973 remiserunt
1479 2924 1509 2973 et
1523 2916 1657 2993 quietum
1670 2916 1869 2977 clamaverunt

473 3034 527 3091 pro
541 3032 571 3071 se
581 3023 610 3072 et
618 3013 773 3073 heredibus
781 3015 874 3091 ipsius
884 3014 1008 3072 Matilde
1014 3014 1145 3091 predicto
1153 3014 1296 3091 Episcopo
1304 3023 1334 3071 et
1344 3014 1557 3073 successoribus
1571 3015 1631 3073 suis
1639 3025 1669 3072 11
1677 3017 1805 3074 Ε1111111
1818 3035 1869 3074 sue

473 3109 599 3168 Midensi
613 3119 710 3168 totum
720 3111 771 3186 jus
789 3119 820 3168 11
833 3110 970 3168 clamium
983 3110 1062 3186 quod
1074 3110 1243 3168 habuerunt
1257 3110 1304 3167 vel
1322 3108 1430 3168 habere
1448 3120 1612 3188 potuerunt
1631 3113 1663 3170 in
1676 3113 1807 3190 predicta
1819 3115 1869 3172 ad·

473 3210 624 3267 voostione
636 3209 668 3266 in
680 3217 855 3286 perpetuum
869 3218 900 3266 et
910 3229 963 3286 pro
977 3209 1031 3268 hoc
1044 3208 1212 3267 remissione
1223 3208 1322 3284 quieta
1334 3209 1506 3270 clemeoione
1526 3209 1584 3268 fine
1597 3220 1627 3269 et
1639 3211 1792 3270 concordia
1804 3232 1869 3289 pre·

474 3308 571 3366 dictus
584 3308 744 3385 Episcopus
756 3307 896 3365 concessit
912 3325 966 3382 pro
986 3325 1016 3364 se
1029 3315 1059 3363 et
1079 3303 1290 3362 successoribus
1305 3305 1365 3361 suis
1386 3312 1416 3362 et
1429 3305 1558 3364 Ecclesia
1578 3325 1630 3365 111
1642 3307 1772 3386 predicta
1792 3309 1870 3384 quod

474 3407 623 3484 predictus
648 3406 797 3466 Galfridus
823 3415 853 3465 et
876 3405 998 3466 Matilde
1025 3414 1055 3464 et
1079 3403 1198 3462 heredes
1224 3403 1316 3480 ipsius
1343 3403 1465 3462 Matilde
1494 3405 1587 3480 quieti
1612 3406 1672 3464 sint
1692 3406 1728 3464 de
1751 3417 1870 3466 centum

476 3507 574 3564 solidis
587 3505 719 3565 redditus
732 3507 768 3564 de
785 3507 883 3564 decem
907 3504 991 3562 libris
1013 3523 1084 3581 quas
1098 3503 1190 3561 eidem
1203 3503 1345 3580 Episcopo
1366 3503 1482 3562 ecclesie
1502 3505 1571 3580 jure
1592 3506 1732 3564 Midensis
1751 3507 1871 3566 reddere

476 3616 690 3665 consueverunt
703 3607 853 3664 annuatim
867 3604 903 3663 de
916 3605 985 3662 villa
999 3604 1034 3662 de
1048 3605 1139 3682 Trym
1155 3600 1216 3684 [et]
1231 3603 1266 3662 de
1281 3613 1370 3680 ponte
1388 3623 1540 3680 quousque
1559 3605 1636 3664 idem
1649 3607 1811 3684 Episcopus
1823 3609 1870 3666 vel

476 3725 651 3765 successores
660 3707 706 3765 sui
714 3706 820 3765 eisdem
830 3705 961 3765 Galfrido
971 3714 1001 3763 et
1011 3703 1133 3762 Matilde
1146 3704 1193 3761 vel
1201 3703 1358 3762 heredibus
1368 3705 1460 3781 ipsius
1469 3705 1592 3764 Matilde
1601 3706 1762 3766 decentum
1773 3707 1872 3765 solidis

478 3815 562 3864 terrae
575 3805 622 3865 vel
635 3805 767 3864 redditus
781 3806 812 3864 in
826 3805 918 3862 Midia
931 3804 1122 3864 satisfecerint
1142 3822 1230 3879 quem
1244 3803 1335 3863 eidem
1349 3805 1492 3882 Episcopo
1511 3806 1558 3866 vel
1576 3806 1790 3866 successoribus
1810 3807 1872 3866 suis

477 3906 569 3963 libere
581 3914 611 3962 et
625 3904 686 3962 sine
698 3904 924 3962 contradictione
945 3903 1037 3980 ipsius
1051 3901 1176 3960 Galfridi
1199 3913 1229 3964 et
1243 3903 1364 3962 Matilde
1382 3913 1413 3964 et
1433 3903 1574 3964 heredum
1589 3907 1682 3983 ipsius
1695 3905 1817 3964 Matilde
1839 3907 1871 3962 in

479 4013 642 4063 tenemento
656 4023 709 4061 suo
721 4005 767 4062 vel
781 4003 852 4061 alibi
864 4004 896 4060 in
912 4002 1003 4060 Midia
1016 4001 1122 4059 habere
1134 4001 1235 4059 licebit
1248 4001 1408 4060 habendum
1422 4010 1452 4060 et
1465 4003 1618 4062 tenendam
1626 4005 1731 4064 eisdem
1741 4004 1873 4063 Gslfrido

479 4115 509 4164 11
522 4103 643 4163 Matilde
656 4113 686 4161 et
703 4103 860 4162 heredibus
873 4103 965 4179 ipsius
979 4100 1100 4159 Matilde
1121 4098 1158 4157 de
1175 4099 1305 4176 predicto
1318 4100 1462 4176 Episcopo
1480 4109 1510 4158 et
1530 4100 1590 4158 suis
1612 4103 1824 4160 successoribus
1842 4111 1873 4161 et

479 4204 607 4262 Ecclesia
619 4222 673 4262 sna
684 4201 814 4280 predicte
827 4201 918 4260 libere
931 4212 961 4259 et
974 4201 1073 4277 quiete
1085 4199 1122 4256 ub
1135 4199 1214 4256 omni
1228 4199 1346 4256 servitio
1366 4207 1396 4256 et
1415 4199 1563 4275 predictus
1577 4201 1737 4279 Episcopus
1757 4211 1787 4260 et
1808 4220 1872 4260 suc·

480 4322 603 4362 cessores
624 4303 672 4362 sui
693 4301 925 4360 warantizohunt
938 4299 1083 4377 predictos
1095 4307 1213 4358 centum
1234 4297 1338 4356 solidos
1352 4306 1430 4356 terre
1448 4300 1496 4358 vel
1508 4299 1640 4360 redditus
1659 4310 1696 4358 ut
1707 4300 1873 4378 predictum

480 4415 524 4463 est
537 4404 676 4482 predictis
700 4401 830 4462 Gelfrido
850 4410 880 4461 et
893 4401 1015 4460 Matilde
1036 4409 1066 4458 et
1085 4399 1242 4458 heredibus
1261 4399 1353 4476 ipsius
1366 4399 1489 4458 Matilde
1509 4411 1611 4460 contra
1628 4421 1726 4460 omnes
1742 4401 1874 4461 homines

1646 4502 1871 4579 imperpetuum
