4306 5414
975 611 1019 703 87

295 792 526 880 sempiternam.
543 793 657 860 Vestra
671 789 867 858 universitati
882 788 1104 856 innotescimus
1119 812 1175 877 per
1189 799 1345 876 presentes
1359 786 1444 872 quod
1467 809 1523 852 nos
1538 807 1638 872 nuper
1651 782 1685 848 in

297 898 479 967 visitacione
493 913 598 966 nostra
613 898 769 966 ordinaria
787 897 822 962 in
837 896 958 963 diocese
973 910 1076 961 nostra
1090 894 1237 962 canonice
1255 892 1456 982 procedentes
1472 930 1478 944 ·
1495 893 1636 958 Priorem
1655 905 1688 956 et

295 1017 485 1070 conventum
496 1003 650 1091 prioratus
661 1001 815 1068 Omnium
828 1000 1013 1066 Sanctorum
1018 1001 1114 1086 juxta
1125 999 1247 1067 Dublin
1258 1039 1264 1051 ·
1275 1013 1407 1066 rectores
1414 1000 1544 1066 rectoris
1556 998 1685 1066 ecclesie

291 1109 476 1196 parochialis
497 1109 536 1176 de
552 1107 783 1175 Ratbmaoneth
804 1121 908 1172 nostre
931 1105 1088 1172 dioceseos
1108 1131 1200 1194 super
1217 1105 1433 1172 exhibisoione
1455 1121 1487 1173 et
1505 1106 1684 1172 ostensione

295 1215 458 1282 titulorum
472 1239 600 1281 suorum
615 1213 819 1281 assecucionis
828 1211 1021 1280 detensionis
1032 1212 1314 1300 etapropriaoionis
1326 1212 1408 1280 dicte
1419 1212 1548 1278 rectoris
1563 1225 1595 1278 et
1610 1237 1685 1297 qua-

294 1319 366 1386 liter
374 1323 506 1388 candem
516 1321 551 1386 in
562 1321 687 1410 propios
701 1344 774 1386 usus
785 1344 817 1386 se
828 1319 1018 1408 pretendunt
1027 1319 1184 1408 possidere
1200 1357 1207 1372 ·
1224 1343 1327 1386 coram
1341 1319 1432 1384 nobis
1446 1318 1486 1385 ad
1494 1333 1592 1384 certos
1601 1318 1686 1384 diem

293 1440 326 1493 et
339 1427 445 1494 locum
456 1429 490 1494 in
500 1427 599 1494 forma
608 1427 690 1514 juris
700 1427 830 1494 fecimus
845 1426 968 1492 evocari
979 1464 985 1477 ·
996 1425 1133 1514 ipsisque
1149 1424 1240 1492 dictis
1250 1425 1301 1492 die
1313 1440 1345 1490 et
1355 1424 1425 1491 loco
1433 1424 1550 1491 vocatis
1562 1423 1685 1490 diucius

295 1536 469 1624 expectatis
483 1535 679 1602 nullomodo
699 1534 951 1624 comparentibus
973 1549 1020 1600 sat
1040 1533 1266 1600 contumaciter
1284 1532 1517 1600 absentantibus
1534 1555 1577 1598 ex
1593 1529 1685 1594 misc-

295 1641 430 1708 ricordia
444 1657 476 1708 et
489 1640 682 1730 benignitate
697 1653 802 1705 nostra
819 1639 992 1726 expectatis
1008 1637 1048 1704 sd
1063 1637 1159 1703 alium
1174 1637 1342 1702 terminum
1357 1660 1413 1725 per
1427 1661 1483 1702 nos
1497 1660 1569 1703 cum
1585 1635 1686 1722 primo

296 1747 514 1812 continuatum
522 1760 555 1813 et
565 1759 765 1836 prorogatum
777 1746 816 1811 ad
827 1746 912 1811 idem
923 1744 1009 1831 quod
1019 1744 1141 1832 pridem
1152 1743 1268 1810 eisdem
1278 1767 1333 1830 pro
1343 1743 1446 1810 officio
1454 1757 1558 1808 nostro
1570 1741 1683 1806 discre-

296 1867 364 1918 tum
375 1853 480 1920 virum
494 1853 677 1942 magistrum
686 1852 865 1920 Gilbertum
876 1852 915 1917 de
929 1851 1063 1917 Sottoun
1077 1849 1296 1916 cancellarium
1308 1849 1436 1916 ecclesie
1447 1863 1550 1914 nostre
1562 1872 1686 1935 presen-

296 1973 360 2024 tem
377 1961 449 2048 [ad]
466 1974 541 2028 trrnc
556 1961 699 2028 dedimus
714 1960 958 2026 commissarium
973 1973 1005 2025 et
1020 1959 1194 2026 auditorem
1209 1972 1245 2023 ut
1258 1958 1375 2023 dictam
1387 1982 1510 2024 causam
1522 1957 1644 2023 audiret
1654 1972 1687 2023 ct

296 2071 359 2136 fine
374 2071 525 2138 canonico
539 2071 669 2138 eandem
681 2069 862 2136 terminaret
879 2107 885 2119 ·
900 2068 1031 2156 posmod
1050 2064 1264 2154 [postmodum
1275 2069 1306 2150 P]
1318 2063 1403 2128 idem
1417 2064 1643 2130 commissarius
1654 2064 1688 2128 in

298 2177 380 2244 diota
389 2177 656 2266 causaprocedens
665 2176 904 2243 contraeosdem
912 2175 1052 2240 Priorem
1061 2170 1688 2259 etconventumcoramipsopsremptorie

297 2284 337 2348 ad
350 2284 436 2350 idem
451 2284 536 2370 quod
549 2284 636 2372 prius
650 2283 760 2350 citatos
777 2284 818 2350 ad
832 2297 931 2350 certos
946 2284 1033 2349 diem
1046 2295 1078 2348 et
1092 2283 1197 2348 locum
1211 2281 1245 2345 in
1258 2305 1313 2346 suo
1328 2280 1469 2346 citatorio
1484 2280 1686 2367 comprehen-

298 2414 365 2454 sum
381 2415 444 2456 non
459 2404 671 2479 comparentes
686 2405 733 2456 set
746 2405 945 2457 contumaces
959 2390 1181 2479 pronunciatos
1200 2389 1389 2456 sentenciam
1404 2387 1478 2453 tulit
1491 2387 1687 2454 definitivam

299 2513 330 2560 et
344 2497 427 2584 ipsos
441 2511 589 2582 tanquam
604 2496 707 2562 nullos
722 2496 829 2562 titulos
844 2497 1030 2563 exhibentes
1044 2519 1099 2562 seu
1113 2496 1263 2562 habentes
1277 2496 1317 2561 ab
1336 2494 1445 2561 eadem
1459 2492 1591 2558 rectoria
1605 2517 1689 2558 amo-

298 2601 415 2666 vendos
436 2601 501 2668 fore
516 2602 656 2669 decrevit
669 2604 863 2690 eandemque
878 2603 971 2670 luisse
986 2618 1018 2670 et
1032 2627 1097 2669 esse
1112 2602 1230 2688 dejure
1245 2615 1277 2668 et
1291 2603 1330 2668 de
1343 2601 1426 2668 sacto
1440 2612 1602 2666 vacantem
1617 2623 1688 2687 pro-

297 2706 460 2770 nunciavit
476 2743 482 2758 ·
498 2706 625 2772 demum
650 2707 779 2793 quidam
802 2707 958 2774 Robertus
979 2707 1156 2773 Rowoestre
1181 2707 1279 2774 laicus
1302 2729 1437 2772 asserens
1462 2729 1493 2772 se
1520 2719 1687 2792 patronum

297 2811 437 2895 ejusdem
462 2811 624 2876 Andream
640 2809 788 2876 Mauricii
802 2811 951 2878 clericum
966 2812 1055 2878 nobis
1076 2813 1266 2900 presentavit
1281 2813 1321 2879 sd
1334 2812 1467 2878 eandem
1482 2852 1489 2864 ·
1505 2827 1614 2901 petens
1628 2814 1687 2878 hu-

298 2917 413 2984 militer
431 2931 464 2984 ut
485 2941 541 2982 nos
555 2919 738 2984 auctoritate
758 2933 863 2984 nostra
880 2920 1035 2986 ordinaria
1050 2921 1185 2987 eundem
1205 2921 1438 2988 admitteremus
1464 2921 1503 2987 ad
1525 2920 1688 2987 rectoriam

298 3024 429 3090 eandem
438 3037 471 3089 ct
480 3024 583 3112 ipsum
588 3048 751 3112 parsonam
760 3050 815 3092 seu
824 3041 975 3092 rectorem
984 3026 1216 3094 institueremus
1224 3041 1257 3093 et
1267 3028 1484 3095 induceremus
1492 3028 1527 3092 in
1538 3027 1686 3094 eandem.

297 3147 423 3220 propter
438 3132 523 3218 quod
537 3157 593 3198 nos
607 3132 776 3220 unicuique
788 3134 822 3199 in
836 3159 891 3200 sua
908 3136 994 3222 justa
1008 3135 1163 3223 peticione
1174 3135 1334 3221 justiciam
1349 3135 1448 3202 bosra
1463 3135 1602 3200 volentes
1617 3158 1686 3221 pre-

297 3239 388 3304 missa
401 3238 607 3325 inquisicione
622 3263 714 3326 super
724 3240 891 3307 vocacione
904 3241 986 3308 dicte
1001 3243 1130 3308 rectoria
1142 3242 1446 3329 percommissarium
1454 3241 1687 3308 Archideaconi

297 3343 392 3409 nostri
408 3344 449 3410 ad
462 3344 551 3430 cujus
562 3344 622 3410 hoc
637 3359 756 3431 spectat
769 3343 803 3408 in
818 3343 940 3410 diocese
955 3358 1059 3410 nostra
1074 3343 1211 3410 officium
1224 3357 1315 3432 capta
1323 3345 1362 3410 de
1373 3343 1517 3410 fidelibus
1526 3344 1646 3410 clericis
1656 3359 1688 3409 et

296 3448 383 3516 laicis
397 3450 431 3513 in
446 3450 544 3516 forma
553 3451 633 3536 juris
649 3449 756 3516 debita
770 3466 803 3516 et
816 3467 963 3518 consueta
984 3467 1077 3540 prout
1091 3477 1134 3518 cx
1148 3453 1369 3519 certificatione
1387 3452 1463 3520 dicti
1485 3452 1686 3519 commissarii

298 3580 352 3643 per
367 3556 471 3622 literas
485 3581 554 3622 suas
569 3570 709 3645 patentes
720 3558 811 3624 nobis
827 3563 988 3626 constabat
1002 3561 1181 3649 adplenum
1198 3599 1205 3613 ·
1221 3561 1306 3648 quod
1320 3561 1405 3628 diota
1418 3559 1549 3626 rectoria
1563 3559 1687 3625 vaeavit

297 3688 351 3751 per
365 3663 555 3730 sentenciam
569 3663 646 3730 dicti
660 3664 862 3731 commissarii
877 3666 974 3731 nostri
989 3691 1007 3732 a
1022 3691 1084 3752 qua
1098 3665 1178 3732 infra
1191 3680 1315 3753 tempus
1325 3665 1406 3751 juris
1420 3665 1550 3730 minime
1565 3664 1687 3730 audivi-

299 3795 367 3836 mus
386 3771 565 3860 appelatum
583 3810 590 3823 ·
605 3787 638 3837 et
652 3772 737 3858 quod
751 3798 919 3861 perunum
934 3799 1090 3842 menscem
1105 3801 1123 3842 a
1140 3789 1279 3863 tempore
1293 3772 1376 3842 dicte
1394 3775 1550 3840 sentencie
1564 3773 1688 3840 vacavit

300 3899 357 3942 nec
371 3899 436 3940 non
450 3889 483 3942 et
497 3877 582 3962 quod
596 3876 680 3943 dicta
693 3881 826 3946 rectoria
840 3882 879 3946 ad
889 3882 966 3948 dicti
982 3882 1112 3950 Roberti
1123 3884 1282 3970 spectabat
1295 3880 1559 3969 presentacionem
1571 3881 1689 3965 dejure

300 4010 355 4050 suo
380 3986 567 4052 successorio
588 3986 839 4073 predecessorum
857 4013 983 4054 suorum
1000 4028 1006 4040 ·
1023 4002 1055 4054 et
1076 3989 1161 4075 quod
1182 3986 1285 4052 dictus
1301 3999 1494 4074 presentatus
1511 3986 1572 4051 fnit
1592 4001 1624 4050 et
1643 3998 1690 4050 est

301 4089 430 4155 clericus
447 4090 627 4156 sufficientis
646 4090 806 4158 literature
829 4106 862 4159 et
882 4094 972 4160 etatis
994 4095 1134 4184 legitime
1154 4093 1233 4159 liber
1248 4116 1283 4158 ac
1301 4091 1460 4180 legitimus
1475 4107 1507 4158 et
1527 4089 1639 4156 habilis
1654 4091 1689 4154 in

300 4195 437 4261 moribus
459 4195 637 4262 addictum
658 4197 847 4263 beneficium
870 4199 1077 4286 optinendum
1094 4236 1100 4249 ·
1119 4198 1158 4264 ad
1173 4196 1306 4262 eandem
1326 4196 1491 4262 rectoriam
1505 4194 1685 4262 admisimus

301 4303 435 4368 eundern
449 4316 482 4368 et
491 4303 594 4390 ipsum
609 4302 801 4369 instituimus
816 4318 849 4369 et
862 4303 970 4370 induci
981 4303 1109 4370 fecimus
1123 4303 1157 4367 in
1173 4301 1304 4368 eandem
1316 4341 1323 4353 ·
1335 4315 1406 4390 post
1418 4302 1477 4368 bec
1492 4315 1690 4389 comparente

301 4433 403 4476 coram
425 4408 515 4475 nobis
537 4423 734 4498 procuratore
755 4409 897 4499 legitimo
919 4411 1105 4495 d[ictorum]
1133 4407 1349 4498 religiosorum
1371 4408 1508 4474 virorum
1533 4421 1689 4472 rectorum

1561 4518 1688 4582 ecclesie
