4284 5412
1148 619 1168 670 2

462 769 635 843 senciamm
653 776 737 864 juste
757 789 790 843 et
809 778 1113 867 canonicepossidet
1128 819 1135 831 ·
1151 794 1206 847 aut
1228 779 1421 847 infuturum
1442 783 1640 850 concessione
1663 785 1848 872 pontificum

460 885 629 974 largicione
648 911 758 975 regum
778 886 829 952 vel
843 887 1021 976 principum
1042 887 1202 955 oblacione
1217 888 1358 954 fidelium
1382 913 1437 955 seu
1455 889 1523 955 aliis
1533 890 1627 977 justis
1649 892 1750 957 modis
1765 916 1849 980 pres·

461 1005 547 1057 tante
562 991 701 1058 Domino
715 991 831 1080 poterit
849 992 980 1081 adipisci
997 1033 1003 1045 ·
1019 993 1110 1060 firma
1131 993 1221 1060 vobis
1243 993 1415 1081 vestrisque
1432 995 1657 1062 successoribus
1679 1011 1712 1062 et
1730 997 1851 1064 illibata

462 1111 672 1186 permaneant.

526 1205 565 1269 In
588 1205 701 1290 quibus
719 1204 778 1271 hec
801 1206 934 1294 propriis
952 1205 1102 1272 duximus
1125 1205 1332 1294 exprimenda
1350 1205 1509 1272 vocabulis
1526 1244 1533 1257 ·
1549 1205 1670 1273 Locum
1690 1208 1794 1296 ipsum
1814 1213 1848 1274 in

463 1334 525 1396 quo
540 1310 658 1398 prefata
679 1311 809 1376 ecclesia
831 1311 890 1376 sita
914 1325 961 1378 est
975 1336 1048 1377 cum
1071 1313 1216 1378 omnibus
1230 1311 1431 1400 pertinenciis
1453 1312 1516 1376 suis
1532 1350 1539 1362 ·
1555 1312 1716 1380 ecclesiam
1742 1315 1850 1381 Sancti

463 1416 592 1504 Georgii
604 1416 694 1481 sitam
705 1415 739 1481 in
748 1416 898 1482 suburbio
908 1415 1172 1483 civitatisDublin
1181 1416 1367 1482 cumdecem
1379 1415 1457 1481 acris
1466 1415 1505 1480 ad
1515 1415 1614 1503 ipsam
1623 1420 1847 1506 spectantibus·

459 1522 655 1610 mesuagium
670 1523 827 1608 quoddam
844 1522 938 1587 situm
949 1522 1045 1608 juxta
1069 1523 1232 1589 ecclesiam
1249 1523 1356 1589 Sancti
1373 1523 1535 1611 Stephani.
1580 1524 1630 1589 De
1645 1525 1847 1614 Balidogaill·

462 1625 735 1715 deBalioongolan
752 1667 758 1680 ·
775 1628 814 1693 de
824 1628 1025 1694 Keldronan·
1041 1628 1081 1695 de
1091 1629 1293 1696 Onoclislenn
1304 1627 1394 1694 villas
1408 1652 1480 1694 cum
1496 1628 1640 1694 omnibus
1649 1631 1850 1716 pertinenciis

462 1733 524 1797 suis
541 1771 547 1782 ·
563 1731 603 1797 de
619 1732 759 1821 Canturg
775 1771 782 1784 ·
799 1732 838 1798 de
853 1733 1040 1800 Duncemac
1056 1773 1063 1785 ·
1078 1747 1111 1800 et
1125 1734 1164 1800 de
1179 1735 1366 1800 Riboannan
1387 1733 1533 1823 grangias
1558 1759 1631 1800 cum
1650 1737 1849 1824 pertinenciis

461 1863 585 1904 earum·
602 1839 740 1906 Insulam
752 1841 859 1907 Sancti
870 1840 1039 1907 Salvatoris
1048 1842 1087 1908 de
1098 1843 1306 1909 Glindelacha
1318 1863 1391 1910 cum
1406 1841 1551 1907 omnibus
1561 1843 1802 1930 possessionibus
1817 1862 1850 1909 et

462 1946 662 2034 pertinenciis
681 1946 744 2011 suis
760 1985 767 1997 ·
783 1948 989 2036 quadraginta
1006 1973 1090 2016 acras
1113 1950 1185 2015 sitas
1200 1951 1234 2024 in
1248 1949 1403 2015 territorio
1418 1948 1457 2013 de
1472 1947 1720 2014 Donenachbroc
1744 1973 1850 2015 versus

462 2052 640 2140 aquilonem
656 2091 663 2104 ·
679 2077 801 2118 necnon
816 2051 891 2118 alias
906 2054 1110 2141 possessiones
1124 2066 1240 2120 vestras
1254 2077 1327 2120 cum
1342 2053 1438 2140 pratis
1452 2052 1552 2117 vineis
1566 2052 1656 2117 terris
1669 2054 1848 2120 nemoribus

462 2161 599 2249 usuagiis
617 2175 650 2226 et
663 2161 784 2248 pascuis
799 2161 833 2224 in
847 2162 940 2227 bosco
960 2176 992 2227 et
1006 2162 1099 2250 plano
1113 2162 1147 2227 in
1163 2163 1251 2248 aquis
1270 2173 1302 2227 et
1316 2159 1503 2226 molendinis
1517 2159 1551 2224 in
1562 2158 1622 2224 viis
1636 2173 1668 2225 et
1682 2159 1799 2226 semitis
1818 2173 1850 2226 et

462 2269 607 2336 omnibus
621 2268 688 2334 aliis
703 2268 898 2336 libertatibus
912 2283 945 2335 et
955 2270 1205 2336 immunitatibus
1219 2269 1292 2334 suis.

528 2377 610 2443 Sane
632 2375 792 2442 novalium
815 2388 989 2442 vestrorum
1004 2400 1065 2461 que
1080 2376 1213 2463 propriis
1235 2374 1379 2440 manibus
1401 2370 1453 2437 vel
1467 2370 1642 2458 sumptibus
1668 2369 1771 2435 colitis
1787 2409 1793 2421 ·
1809 2369 1848 2434 de

462 2484 575 2570 quibus
590 2483 701 2569 aliquis
715 2483 865 2548 hactenus
879 2506 943 2546 non
958 2481 1115 2569 percepit·
1131 2479 1197 2546 sive
1212 2480 1252 2546 de
1267 2493 1441 2545 vestrorum
1456 2477 1637 2543 animalium
1652 2477 1850 2541 nutrimentis

461 2589 564 2654 nullus
579 2613 598 2653 a
611 2587 700 2653 vobis
715 2587 850 2652 decimas
864 2585 993 2674 exigere
1007 2585 1059 2650 vel
1073 2599 1259 2672 extorquere
1274 2597 1440 2675 presumat.

525 2693 634 2759 Liceat
649 2715 773 2779 quoque
787 2690 876 2756 vobis
891 2690 1018 2756 clericos
1032 2690 1083 2755 vel
1097 2689 1192 2756 laicos
1207 2691 1320 2756 liberos
1331 2702 1364 2755 et
1377 2689 1533 2755 absolutos
1547 2689 1679 2754 eseculo
1693 2688 1848 2775 fugientes

461 2801 500 2867 ad
512 2798 745 2865 conversionem
760 2797 897 2885 recipere
913 2836 920 2848 ·
936 2821 972 2863 ac
987 2821 1039 2863 eos
1053 2798 1169 2884 absque
1184 2797 1430 2864 contradictione
1446 2795 1550 2882 aliqua
1563 2795 1706 2861 retinere.
1737 2795 1848 2859 Prohi-

460 2909 570 2971 bemus
583 2904 711 2990 insuper
724 2917 761 2967 ut
774 2902 854 2967 nulli
872 2902 1003 2968 fratrum
1018 2916 1191 2969 vestrorum
1207 2917 1277 2991 post
1290 2903 1405 2968 factam
1419 2902 1453 2966 in
1473 2901 1603 2967 ecclesia
1617 2915 1718 2966 vestra
1732 2901 1848 2988 profes-

460 3011 580 3076 sionem
594 3007 639 3072 fas
653 3007 768 3072 sitsiue
779 3006 896 3072 Prioris
911 3005 959 3072 sui
974 3005 1105 3072 licencia
1115 3044 1122 3057 ·
1132 3006 1192 3071 nisi
1208 3006 1338 3073 arcioris
1347 3004 1508 3094 religionis
1522 3006 1653 3071 obtentu
1664 3042 1671 3055 ·
1684 3004 1723 3070 de
1738 3006 1848 3070 eodem

459 3119 527 3183 loco
542 3114 700 3181 discedere
715 3113 927 3180 discedentem
946 3138 1021 3180 vero
1039 3116 1156 3201 absque
1175 3115 1390 3182 communium
1405 3114 1565 3180 literarum
1584 3126 1756 3179 vestrarum
1774 3137 1848 3179 oau-

458 3223 548 3289 cione
561 3221 666 3287 nullus
681 3219 795 3285 audeat
808 3219 952 3286 retinere.

523 3326 606 3392 Cum
621 3338 726 3391 autem
739 3323 883 3412 generale
894 3322 1097 3390 interdictum
1112 3337 1192 3390 terre
1206 3323 1303 3390 fuerit
1317 3322 1410 3390 liceat
1420 3323 1510 3389 vobis
1524 3323 1635 3390 clausis
1645 3323 1751 3410 januis
1769 3362 1774 3374 ·
1790 3348 1846 3389 ex-

458 3428 839 3497 clusisexcommunicatis
848 3441 881 3494 et
891 3427 1149 3495 interdictis-non
1160 3429 1290 3516 pulsatis
1301 3428 1643 3516 campanis-suppressa
1653 3454 1731 3496 voce
1740 3430 1848 3496 divina

460 3539 561 3604 officia
571 3538 726 3604 celebrare
739 3534 928 3600 dummodo
938 3557 1062 3600 causam
1073 3557 1137 3598 non
1148 3532 1297 3600 dederitis
1305 3533 1481 3600 interdicto.
1506 3532 1627 3600 Orisma
1637 3559 1729 3601 vero·
1743 3537 1847 3601 oleum

459 3656 600 3708 sanctum
617 3679 622 3693 ·
639 3641 887 3708 consecraciones
901 3637 1045 3704 altarium
1059 3662 1114 3704 seu
1123 3637 1328 3704 Basilicarum
1344 3677 1351 3688 ·
1367 3638 1580 3705 ordinaciones
1595 3641 1778 3708 clericomm
1793 3644 1848 3731 qui

460 3752 500 3817 ad
509 3773 608 3816 sacros
620 3748 743 3814 ordines
750 3747 867 3814 fuerint
877 3745 1084 3835 promovendi
1098 3784 1105 3797 ·
1117 3745 1309 3812 adiocesano
1323 3746 1496 3833 suscipietis
1511 3746 1675 3835 episcopo·
1692 3748 1847 3834 siquidem

461 3856 631 3924 catholicus
639 3855 733 3921 fuerit
743 3867 775 3920 et
785 3854 921 3942 graciam
929 3865 963 3918 et
972 3851 1224 3918 communionem
1235 3865 1426 3918 sacrosancte
1437 3851 1578 3918 Romane
1593 3853 1675 3918 sedis
1685 3853 1846 3920 habuerit·

460 3977 492 4029 et
506 3986 543 4030 ea
557 3961 646 4028 vobis
660 3959 795 4026 voluerit
808 3959 874 4024 sine
885 3957 1038 4046 pravitate
1053 3957 1157 4043 aliqua
1171 3956 1331 4023 exhibere.
1359 3957 1566 4023 Prohibemus
1577 3957 1704 4046 insuper
1717 3972 1754 4024 ut
1767 3959 1849 4025 infra

461 4071 538 4135 lines
552 4066 698 4156 parochie
718 4078 819 4132 vestre
842 4064 946 4130 nullus
969 4063 1035 4129 sine
1059 4087 1182 4128 assensu
1197 4062 1353 4129 diocesani
1367 4062 1505 4150 episcopi
1519 4078 1552 4130 et
1570 4078 1673 4130 vestro
1696 4065 1847 4154 capellam

462 4201 517 4244 seu
531 4175 699 4242 oratorium
709 4174 748 4240 de
758 4197 842 4239 novo
856 4187 1033 4239 construere
1048 4171 1169 4240 audeat.
1194 4171 1296 4238 Salvis
1310 4171 1482 4260 privilegiis
1496 4172 1681 4260 pontificum
1692 4173 1848 4239 Romano·

461 4307 539 4350 rum.

528 4387 728 4476 Sepulturarn
743 4409 867 4472 quoque
881 4385 978 4474 ipsius
993 4384 1053 4453 loci
1069 4385 1197 4452 liberam
1217 4406 1282 4450 esse
1297 4382 1492 4450 decernimus
1510 4397 1547 4450 ut
1564 4408 1672 4451 eorum
1688 4384 1848 4452 devotioni

1815 4508 1847 4556 et
