4284 5412
1142 602 1163 673 6

455 782 581 848 Alberti
597 797 701 848 sancte
716 783 857 848 Romane
872 782 1001 850 ecclesie
1016 783 1179 871 presbiteri
1195 779 1360 848 cardinalis
1375 795 1407 847 et
1421 779 1596 848 cancellarii
1615 818 1621 833 ·
1637 781 1680 846 vi.
1696 805 1848 847 nonarum

456 889 479 954 J
481 889 536 953 ulii
553 929 558 940 ·
576 888 752 954 Indictionc
779 903 897 975 quarta.
942 890 1173 955 Incamacionis
1191 888 1348 954 dominice
1365 927 1371 938 ·
1392 912 1474 954 anno
1497 888 1663 954 millesimo
1680 927 1686 942 ·
1702 889 1847 955 clxxxvi.

458 995 663 1062 Pontificatus
678 1019 751 1061 vero
766 994 887 1059 domini
902 995 1023 1060 Urbani
1039 1019 1119 1084 pape
1134 994 1223 1061 tercii
1238 1017 1319 1060 anno
1334 993 1481 1060 seeundo.
1499 994 1633 1082 [primo]

1119 1341 1187 1414 ΙΙΙ.

459 1529 677 1604 bonitatatis
700 1539 728 1600 st
746 1528 886 1621 usurariis
906 1530 1027 1602 tamiri
1044 1529 1222 1604 tununntii
1237 1547 1314 1621 papa
1332 1527 1436 1619 quinti
1454 1525 1672 1619 spiritualium
1689 1539 1717 1601 rt
1735 1540 1849 1621 umpa-

460 1647 577 1721 talium
594 1665 663 1719 tum
681 1645 851 1738 pritiirqiis
869 1658 897 1719 si
915 1647 992 1721 aliis
1011 1645 1270 1724 immunitatibus
1284 1646 1485 1719 bituminata
1503 1647 1699 1736 suscitastis.

511 1853 709 1920 Nnooencius
724 1855 887 1942 episcopus
906 1877 1013 1920 servus
1031 1875 1192 1920 servorum
1207 1851 1269 1918 Dei
1285 1851 1406 1917 dilectis
1420 1851 1494 1916 filiis
1509 1850 1611 1916 Priori
1629 1850 1757 1918 ecclesie
1772 1852 1850 1919 Om-

524 1961 614 2026 nium
625 1960 809 2028 Sanctorum
815 1960 911 2045 juxta
922 1959 1045 2025 Dublin
1056 1961 1186 2046 ejusque
1196 1959 1344 2024 fratribus
1355 1973 1419 2023 tam
1431 1959 1625 2046 presentibus
1637 1983 1729 2046 quam
1738 1959 1851 2026 futuris

458 2065 633 2155 regularem
648 2064 746 2129 vitam
760 2063 903 2151 professis
918 2063 1160 2150 imperpetuum.

522 2170 713 2258 Religiosam
725 2169 822 2234 vitam
837 2167 1027 2256 eligentibus
1042 2166 1247 2254 apostolicum
1261 2165 1410 2232 convenit
1424 2164 1529 2229 adesse
1539 2163 1709 2251 presidium
1724 2188 1765 2230 ne
1774 2165 1851 2231 forte

459 2274 627 2362 cujuslibet
652 2273 833 2340 temeritatis
858 2274 999 2339 incursus
1026 2287 1081 2338 aut
1105 2296 1157 2338 eos
1180 2296 1199 2337 a
1224 2271 1383 2359 proposito
1406 2283 1531 2336 revocet
1556 2283 1611 2334 aut
1635 2271 1730 2336 robur
1745 2309 1752 2322 ·
1769 2271 1853 2357 quod

460 2383 540 2449 absit
556 2420 562 2433 ·
578 2405 662 2447 sacre
677 2379 838 2470 religionis
853 2380 1013 2466 infringat.
1051 2380 1100 2444 Ea
1114 2392 1241 2467 propter
1256 2378 1362 2443 dilecti
1378 2377 1412 2441 in
1424 2374 1553 2441 domino
1567 2375 1625 2440 filii
1640 2376 1750 2441 vestris
1760 2376 1853 2463 justis

460 2486 724 2575 postulacionibus
753 2484 922 2550 clementer
951 2483 1118 2549 annuimus
1144 2497 1177 2548 et
1200 2483 1362 2549 ecclesiam
1386 2481 1539 2548 Omnium
1559 2481 1745 2548 Sanctorum
1758 2484 1854 2569 juxta

461 2591 583 2657 Dublin
599 2628 606 2642 ·
623 2591 768 2655 abbatem
782 2587 944 2674 proprium
959 2611 1023 2651 non
1032 2585 1199 2652 habentem
1216 2623 1223 2638 ·
1239 2587 1293 2652 sed
1308 2611 1365 2674 per
1374 2587 1515 2653 Priorem
1530 2588 1653 2654 solitam
1667 2591 1851 2678 gubernari·

459 2697 493 2762 in
513 2721 575 2784 qua
589 2696 698 2761 divino
723 2694 796 2760 estis
819 2695 969 2781 obsequio
993 2694 1163 2782 mancipati
1179 2733 1186 2746 ·
1202 2695 1259 2760 sub
1274 2696 1358 2760 beati
1373 2694 1460 2760 Patri
1486 2709 1518 2762 et
1542 2709 1647 2762 nostra
1660 2698 1852 2785 protectione

459 2803 645 2890 suscipimus
660 2816 693 2868 et
706 2802 857 2889 presentis
871 2800 977 2890 scripti
992 2802 1159 2890 privilegio
1174 2803 1413 2869 communimus.

524 2909 563 2972 In
579 2906 687 2994 primis
710 2905 865 2992 siquidem
888 2920 1058 2972 statuentes
1078 2921 1114 2972 ut
1128 2907 1205 2972 ordo
1228 2909 1396 2975 canonicus
1412 2947 1419 2961 ·
1436 2909 1491 2995 qui
1506 2909 1678 2975 secundum
1693 2911 1798 2976 Deum
1821 2923 1854 2977 et

462 3013 546 3080 beati
561 3011 735 3101 Augustini
750 3011 890 3100 regulam
904 3013 939 3078 in
953 3014 1062 3079 eadem
1077 3015 1206 3081 ecclesia
1220 3015 1381 3082 institutus
1404 3041 1469 3083 esse
1484 3017 1657 3083 dinoscitur
1673 3057 1680 3068 ·
1696 3019 1854 3106 perpetuis

465 3121 584 3188 ibidem
593 3118 785 3206 temporibus
795 3119 1018 3185 inviolabiliter
1033 3120 1222 3186 observetur.
1266 3121 1412 3186 Preterea
1423 3145 1634 3207 quascumque
1649 3124 1853 3210 possessiones

462 3248 658 3312 quecumque
670 3224 753 3289 bona
768 3221 876 3288 eadem
892 3223 1021 3289 ecclesia
1029 3223 1063 3286 in
1075 3223 1304 3310 presenciarum
1315 3225 1399 3309 juste
1414 3249 1450 3291 ac
1465 3225 1613 3291 canonice
1624 3228 1761 3315 possidet
1777 3268 1784 3282 ·
1800 3243 1855 3295 aut

460 3331 651 3397 infuturum
674 3327 871 3395 concessione
887 3327 1078 3393 Pontificum
1093 3327 1262 3416 largicione
1284 3351 1395 3416 regum
1418 3328 1470 3395 vel
1490 3330 1669 3419 principum
1693 3334 1853 3402 oblacione

463 3437 603 3503 fidelium
627 3459 681 3500 seu
705 3433 773 3500 aliis
783 3433 877 3521 justis
902 3434 1003 3498 modis
1022 3447 1178 3520 prestante
1193 3433 1332 3499 Domino
1351 3435 1467 3522 poterit
1484 3435 1615 3525 adipisci
1632 3437 1743 3504 ·firma
1765 3440 1854 3506 vobis

463 3543 633 3627 vestrisque
649 3540 874 3607 successoribus
889 3553 922 3606 et
935 3540 1056 3606 illibata
1070 3553 1280 3627 permaneant.

526 3649 565 3714 In
581 3649 694 3735 quibus
705 3648 763 3713 hec
778 3646 912 3736 propriis
923 3646 1073 3711 duximus
1088 3647 1295 3735 exprimenda
1305 3648 1466 3714 vocabulis
1477 3687 1483 3700 ·
1494 3647 1616 3716 Locum
1626 3649 1730 3739 ipsum
1741 3651 1775 3716 in
1790 3674 1853 3737 quo

428 3775 431 3782 ·
463 3755 581 3844 prefata
599 3753 729 3820 ecclesia
749 3753 809 3818 sita
829 3764 877 3816 est
896 3774 969 3817 cum
995 3751 1140 3817 omnibus
1159 3751 1360 3839 pertinenciis
1383 3752 1446 3817 suis
1462 3791 1469 3805 ·
1485 3753 1621 3820 decimas
1644 3779 1720 3841 quas
1734 3754 1855 3822 habetis

463 3861 497 3926 in
511 3860 580 3926 loco
596 3858 650 3945 qui
665 3857 780 3923 dicitur
793 3858 892 3945 Stcyn
909 3895 916 3908 ·
931 3855 1148 3922 molendinum
1166 3857 1259 3922 ritum
1283 3871 1373 3923 extra
1387 3872 1509 3945 portam
1523 3875 1658 3926 vestram
1672 3883 1745 3926 cum
1760 3862 1855 3948 perti·

463 3966 583 4033 nanciis
606 3964 669 4030 suis
686 4001 693 4015 ·
709 3963 870 4030 ecclesiam
889 3965 987 4030 sancti
1003 3964 1134 4053 Georgii
1149 3965 1239 4031 sitam
1253 3965 1287 4029 in
1302 3966 1451 4033 suburbio
1470 3967 1606 4034 civitatis
1621 3967 1744 4034 Dublin
1760 4005 1767 4020 ·
1782 3991 1855 4034 cum

465 4073 634 4140 medietate
650 4071 770 4137 decime
789 4071 962 4136 molendini
982 4071 1033 4137 siti
1047 4073 1130 4137 infra
1143 4072 1322 4160 parochiam
1338 4073 1434 4160 ipsius
1451 4073 1582 4140 ecclesie
1604 4085 1637 4140 et
1658 4097 1731 4140 cum
1747 4073 1855 4140 decem

464 4179 542 4245 acris
558 4192 637 4244 terre
652 4177 692 4242 ad
703 4175 864 4242 eeclesiam
879 4177 978 4264 ipsam
999 4175 1210 4264 spectantibus
1236 4199 1271 4240 ac
1288 4174 1356 4240 aliis
1370 4175 1571 4264 pertinenciis
1592 4177 1656 4243 suis
1671 4215 1679 4229 ·
1696 4177 1854 4264 quoddam

464 4285 659 4373 mesuagium
675 4283 770 4349 situm
777 4283 876 4372 juxta
890 4283 1052 4349 ecclesiam
1071 4282 1169 4349 sancti
1186 4281 1346 4371 Stephani.

529 4393 569 4459 In
584 4390 700 4458 diocesi
716 4389 839 4456 Dublin
854 4390 1016 4457 ecclesiam
1030 4390 1070 4456 de
1086 4390 1206 4457 Stahto.
1813 4493 1853 4559 In
