4284 5412
1129 585 1172 655 28

454 768 489 836 in
504 767 693 834 contrarium
708 767 798 836 nobis
812 765 1070 855 competentibus.
1114 763 1160 830 Et
1174 763 1214 830 ad
1225 762 1374 850 majorem
1394 761 1439 828 rei
1455 757 1652 828 securitatem
1674 783 1730 826 nos
1745 759 1847 849 sigilla

454 889 559 942 nostra
572 899 636 942 una
649 899 722 941 cum
737 873 841 963 sigillo
855 871 1025 961 supradicti
1040 869 1179 937 officialis
1194 869 1330 958 presenti
1341 869 1456 956 scripto
1467 867 1501 932 in
1516 867 1645 932 modum
1660 865 1847 956 cyrographi

455 979 596 1046 consecto
618 993 728 1045 mutuo
748 977 956 1067 opposuimus.
1000 977 1121 1041 Actum
1146 974 1181 1038 in
1203 973 1333 1040 ecclesia
1354 972 1461 1040 Sancti
1475 972 1604 1039 Patricii
1620 972 1742 1039 Dublin
1765 995 1846 1038 anno

455 1083 558 1172 gracie
582 1083 747 1150 millesimo
761 1079 975 1148 ducentesimo
998 1077 1235 1167 quadragesimo
1259 1077 1354 1144 tercio
1372 1111 1378 1132 ·
1393 1077 1471 1144 feria
1485 1077 1595 1164 quinta
1617 1078 1651 1143 in
1674 1079 1848 1144 ebdomoda

458 1190 585 1256 Pasche.

1085 1411 1216 1484 XXII.

939 1576 1046 1650 betta
1061 1578 1097 1648 tr
1113 1575 1364 1670 jylpattpsttott

547 1739 677 1804 Mnibus
689 1737 806 1804 Christi
817 1736 963 1802 fidelibus
977 1735 1017 1802 ad
1028 1759 1105 1821 quos
1120 1760 1245 1823 presens
1259 1738 1408 1826 scriptum
1424 1737 1600 1827 pervenerit
1611 1739 1848 1807 Bartholomeus

568 1844 607 1910 de
623 1844 754 1909 Camers
768 1842 909 1909 salutem.
954 1841 1065 1908 Sciatis
1080 1864 1131 1906 me
1145 1840 1266 1908 dedisse
1287 1845 1471 1912 concessisse
1487 1859 1519 1911 et
1537 1845 1596 1911 hac
1616 1843 1751 1934 presenti
1766 1861 1850 1914 carta

458 1977 528 2019 mes
542 1951 738 2018 confirmasse
750 1951 864 2016 Decet
877 1951 968 2016 beate
984 1949 1086 2015 Marie
1106 1961 1139 2015 et
1152 1950 1281 2016 ecclesie
1296 1950 1449 2017 Omnium
1463 1952 1648 2018 Sanctorum
1668 1965 1760 2018 extra
1773 1953 1849 2019 civi-

457 2074 555 2126 tatem
570 2060 692 2126 Dublin
707 2072 739 2125 et
753 2057 910 2125 canonicis
924 2057 1043 2124 ibidem
1059 2058 1129 2124 Deo
1153 2059 1359 2126 servientibus
1376 2097 1382 2110 ·
1398 2084 1456 2148 pro
1477 2059 1576 2126 salute
1596 2059 1699 2126 anime
1724 2083 1793 2125 mee
1818 2072 1850 2125 et

458 2167 599 2232 omnium
615 2180 841 2232 antecessorum
856 2178 888 2230 et
896 2187 1105 2230 successorum
1120 2188 1262 2230 meorum
1272 2189 1395 2231 necnon
1406 2179 1439 2231 et
1447 2165 1587 2232 omnium
1599 2167 1717 2232 civium
1728 2165 1850 2232 Dubhn

457 2272 673 2338 terramillam
688 2296 781 2357 quam
792 2271 894 2337 habeo
910 2270 948 2335 de
964 2269 1047 2335 douo
1062 2269 1275 2358 predictorum
1290 2270 1408 2338 civium
1424 2271 1546 2337 Dublin
1561 2285 1651 2337 extra
1665 2271 1825 2337 civitatem
1841 2309 1848 2322 ·

459 2378 577 2445 scilicet
596 2378 678 2444 inter
697 2392 810 2444 terram
824 2377 1019 2442 infirmorum
1037 2377 1144 2443 Sancti
1161 2377 1313 2465 Stephani
1328 2391 1361 2444 et
1376 2378 1460 2444 viam
1475 2403 1536 2464 que
1552 2378 1653 2444 tendit
1668 2379 1707 2444 ab
1722 2378 1850 2444 ecclesia

460 2485 567 2551 Sancti
579 2486 750 2552 Clementis
762 2500 833 2552 ante
848 2499 970 2574 portem
982 2486 1170 2574 prefatorum
1182 2488 1402 2554 canonicorum
1413 2512 1512 2574 usque
1523 2487 1563 2554 ad
1574 2501 1699 2553 stratam
1710 2511 1771 2573 que
1781 2500 1849 2553 ten·

458 2591 506 2658 dit
520 2617 626 2659 versus
641 2593 832 2661 Donabroke
854 2607 886 2660 et
908 2594 990 2660 inter
1015 2596 1147 2661 eandem
1173 2608 1298 2663 stratam
1319 2609 1351 2662 et
1368 2610 1481 2662 terram
1498 2598 1625 2682 [quam]
1642 2593 1752 2684 prefati
1767 2593 1850 2659 cives

459 2697 615 2764 dederuut
628 2699 779 2788 Philippo
801 2699 840 2766 de
855 2700 1018 2789 Wygorn:
1035 2739 1043 2756 ·
1058 2701 1235 2767 habendam
1254 2715 1287 2768 et
1306 2701 1472 2768 tenendam
1487 2701 1522 2766 in
1536 2725 1647 2789 puram
1666 2699 1797 2766 liberam
1820 2709 1852 2763 et

460 2817 642 2892 perpetuam
657 2804 858 2871 elemosinam
872 2831 946 2872 cum
961 2807 1104 2873 omnibus
1119 2808 1249 2876 decimis
1263 2824 1295 2875 et
1310 2807 1555 2876 obvenciouibus
1566 2808 1606 2873 de
1621 2807 1761 2896 predicta
1771 2819 1852 2870 terra

459 2910 725 2998 provenientibus.
756 2909 931 2976 Reddendo
945 2910 1019 2977 inde
1032 2910 1193 2976 annuatim
1208 2935 1264 3004 sex
1275 2910 1417 2976 denarios
1431 2910 1466 2975 in
1476 2909 1554 2976 festo
1567 2909 1674 2976 Sancti
1686 2907 1851 2975 Michaelis

459 3017 500 3084 ad
513 3016 744 3104 reparacioncm
770 3040 931 3081 murorum
946 3017 1068 3083 Dublin
1088 3042 1145 3105 pro
1169 3017 1255 3082 omni
1278 3016 1410 3082 servicio
1436 3015 1516 3081 sicut
1541 3029 1625 3082 carte
1639 3014 1849 3102 predictorum

460 3123 579 3189 civium
593 3145 687 3209 quam
702 3121 776 3187 iude
791 3121 891 3187 habeo
902 3135 1041 3187 testetur.
1087 3123 1131 3188 Et
1144 3136 1181 3188 ut
1195 3122 1254 3189 hec
1269 3145 1338 3188 mea
1352 3121 1484 3188 donacio
1499 3133 1531 3187 et
1554 3121 1710 3187 concessio
1732 3133 1799 3185 rata
1820 3132 1854 3184 et

461 3231 644 3296 inconcussa
671 3229 705 3292 in
731 3241 890 3315 posterum
912 3226 1064 3292 habeatur
1089 3239 1264 3314 presentem
1297 3239 1413 3292 cartam
1443 3224 1539 3313 sigilli
1563 3224 1626 3290 mei
1654 3223 1851 3312 apposicione

459 3335 612 3402 roboravi.
659 3333 732 3399 Hiis
746 3332 877 3398 testibus
893 3370 900 3384 ·
916 3331 955 3396 R.
968 3331 1076 3398 Priore
1091 3331 1130 3398 de
1148 3331 1262 3398 Sancta
1276 3330 1432 3396 Trinitate
1450 3369 1455 3381 ·
1472 3329 1620 3418 magistro
1637 3330 1762 3395 Thoma
1777 3368 1783 3380 ·
1796 3329 1849 3392 W.

462 3440 680 3506 archidiacono
697 3479 703 3491 ·
720 3438 759 3505 R.
784 3439 823 3504 de
839 3437 952 3506 Wadis
969 3477 975 3492 ·
992 3439 1030 3504 R.
1051 3452 1164 3527 nepote
1190 3463 1260 3504 meo
1277 3476 1283 3489 ·
1299 3437 1321 3504 J
1322 3437 1444 3503 oharme
1459 3437 1604 3503 Palmero
1621 3476 1627 3488 ·
1642 3436 1785 3503 Gilberto
1800 3433 1851 3499 del

463 3547 548 3611 Ynet
564 3584 570 3597 ·
587 3544 756 3634 Radulpho
771 3545 811 3611 de
826 3545 918 3612 Mors
934 3583 940 3598 ·
957 3545 1106 3634 Wydone
1122 3546 1268 3612 Cornub:
1283 3558 1316 3611 et
1329 3544 1436 3609 multis
1451 3543 1528 3610 aliis.

1079 3857 1229 3930 XXIII.

925 4019 982 4094 wc
1000 4022 1222 4110 retrusione
1239 4019 1388 4112 portum.

551 4181 682 4248 Mnibus
701 4182 819 4249 Christi
838 4183 984 4250 fidelibus
1007 4209 1131 4274 presens
1153 4185 1304 4274 scriptum
1327 4183 1439 4250 visuris
1462 4182 1513 4248 vel
1537 4181 1689 4248 audituris
1708 4182 1746 4247 R„
1763 4181 1852 4248 Prior

573 4286 725 4355 Omnium
736 4287 922 4354 Sanctorum
932 4288 1053 4358 Dublin
1064 4304 1097 4357 et
1107 4290 1135 4377 ej
1139 4291 1247 4358 usdem
1259 4291 1320 4358 loci
1332 4303 1504 4358 conventus
1519 4287 1649 4354 salutem
1658 4287 1692 4352 in
1704 4287 1851 4353 Domino.

459 4394 618 4463 Noveritis
633 4417 689 4458 nos
703 4394 863 4460 communi
878 4419 1029 4462 consensu
1045 4411 1077 4462 et
1091 4421 1215 4464 assensu
1228 4397 1359 4486 capituli
1374 4396 1470 4462 nostri
1486 4395 1607 4462 dedisse
1622 4393 1806 4461 concessisse
1821 4405 1853 4459 et

1717 4497 1853 4585 presenti
