4284 5412
980 625 1001 702 7

288 803 291 810 ⁴
349 796 388 861 In
405 795 521 863 diocesi
530 790 681 860 Femensi
695 789 856 858 ecclesiam
872 788 911 854 de
923 787 1137 856 Rahtmaneht
1147 811 1220 855 cum
1235 788 1379 855 omnibus
1390 789 1590 878 pertinenciis
1604 789 1676 855 suis.

285 903 324 968 In
338 902 455 970 diocesi
469 899 618 969 Olonensi
632 897 784 986 capellam
804 895 844 961 de
859 893 961 960 Rath·
985 896 1025 960 In
1036 894 1152 962 diocesi
1168 894 1329 960 Mindensi
1343 896 1504 962 ecclesiam
1519 896 1559 963 de
1573 897 1676 963 Arne-

285 1011 377 1098 geth·
393 1035 467 1078 cum
482 1007 627 1074 omnibus
641 1004 842 1094 pertinenciis
856 1003 1036 1070 earundem.
1070 1005 1120 1070 De
1129 1003 1370 1093 Balicongelan·
1387 1004 1426 1071 de
1437 1004 1619 1070 Kenturke·
1636 1005 1675 1070 de

285 1115 481 1205 Dunlrerny·
505 1129 538 1181 et
551 1114 591 1180 de
607 1110 783 1199 Balidowyl
797 1109 942 1198 grangias
964 1134 1037 1176 cum
1052 1111 1197 1176 omnibus
1212 1110 1412 1198 pertinenciis
1435 1111 1603 1178 earundem
1621 1150 1628 1163 ·
1643 1129 1675 1177 et

284 1222 427 1288 ecclesias
450 1245 526 1308 quas
548 1221 583 1286 in
605 1219 723 1286 eisdem
746 1217 885 1306 grangiis
908 1219 1073 1286 obtinetis·
1090 1219 1130 1286 de
1146 1219 1333 1308 Kyldronan
1353 1235 1386 1288 at
1400 1217 1440 1286 de
1455 1219 1673 1308 Onoclyschan

286 1325 373 1393 villas
388 1352 460 1393 cum
472 1326 616 1393 omnibus
631 1325 832 1414 pertinenciis
847 1324 919 1390 suis.

348 1431 566 1521 Quadraginta
579 1455 664 1498 acras
678 1445 758 1498 terre
773 1432 846 1498 sitas
861 1431 894 1497 in
913 1433 1069 1500 territorio
1085 1433 1124 1499 de
1140 1433 1409 1500 Donenahtbrolre
1422 1457 1495 1500 cum
1515 1433 1672 1522 pertinen-

283 1536 336 1602 ciis
350 1538 414 1604 suis
431 1578 437 1590 ·
454 1552 567 1606 terram
582 1538 622 1606 de
638 1539 849 1606 Balihcneron
869 1565 942 1606 cum
958 1540 1160 1630 pertinenciis
1181 1541 1245 1608 suis
1261 1581 1268 1593 ·
1285 1543 1424 1610 Insulam
1442 1542 1549 1609 Sancti
1566 1543 1673 1610 Salva·

285 1643 356 1709 toris
380 1645 420 1710 de
444 1644 638 1712 Glandalach
662 1670 735 1713 cum
756 1647 846 1713 terris
868 1649 1111 1736 possessionibus
1132 1664 1165 1716 et
1193 1648 1338 1716 omnibus
1360 1649 1561 1738 pertinenciis
1586 1649 1671 1714 suis·

286 1773 374 1816 usum
389 1751 529 1839 piscandi
544 1775 617 1817 cum
632 1751 747 1817 batallo
760 1750 795 1816 in
810 1775 890 1837 aqua
904 1752 943 1818 de
952 1753 1101 1841 Auenlyf
1110 1791 1118 1806 ·
1134 1765 1166 1819 et
1180 1753 1255 1820 alias
1269 1754 1474 1841 possessiones
1488 1767 1520 1819 et
1534 1753 1673 1819 redditus

286 1881 360 1940 quos
376 1857 411 1922 in
426 1857 573 1946 predictis
584 1856 759 1924 diocesibus
782 1859 912 1924 ecclesia
925 1874 1028 1925 vestra
1047 1861 1187 1927 noscitur
1201 1861 1342 1927 obtinere
1360 1899 1366 1912 ·
1382 1884 1454 1926 cum
1472 1860 1561 1926 terris
1578 1862 1674 1948 pratis

285 1961 381 2028 vineis
396 1963 575 2030 nemoribus
589 1964 727 2052 usuagiis
742 1978 774 2030 et
788 1965 909 2052 pascuis
924 1964 958 2030 in
972 1968 1066 2032 bosco
1081 1980 1114 2033 et
1128 1967 1222 2054 plano
1237 1966 1270 2031 in
1286 1965 1375 2052 aquis
1390 1979 1422 2032 et
1436 1965 1623 2032 molendinis
1638 1967 1671 2030 in

285 2067 340 2134 viis
355 2085 388 2136 et
402 2071 519 2136 semitis
534 2084 566 2136 et
580 2070 725 2136 omnibus
740 2071 808 2136 aliis
822 2070 1019 2138 libertatibus
1033 2085 1066 2138 et
1079 2071 1331 2140 immunitatibus
1346 2073 1418 2138 suis.

349 2175 430 2241 Sane
445 2173 605 2240 novalium
619 2177 826 2260 vestro[rum]
843 2200 904 2261 que
918 2177 1052 2265 propriis
1066 2178 1210 2244 manibus
1230 2191 1284 2244 aut
1301 2179 1476 2268 sumptibus
1491 2179 1593 2247 colitis
1610 2220 1616 2232 ·
1633 2182 1673 2248 de

287 2281 397 2367 quibus
411 2281 523 2368 aliquis
534 2281 684 2348 hactenus
698 2305 762 2346 non
773 2283 929 2371 percepit·
940 2283 1006 2350 sive
1018 2284 1057 2350 de
1069 2301 1242 2352 vestrorum
1257 2286 1439 2352 animalium
1454 2287 1671 2353 nutrimentis·

288 2387 388 2452 nullus
407 2412 426 2453 a
444 2387 534 2453 vobis
549 2386 684 2452 decimas
707 2385 835 2474 exigere
858 2387 909 2452 vel
924 2401 1112 2474 extorquere
1127 2402 1307 2476 presumat·
1327 2389 1420 2456 liceat
1434 2414 1559 2476 quoque
1581 2393 1672 2458 vobis

285 2494 410 2560 clericos
420 2494 471 2559 vel
485 2493 597 2559 laicos·
613 2492 726 2558 liberos
741 2505 773 2557 et
787 2491 944 2558 absolutos
958 2517 976 2560 e
991 2494 1096 2560 seculo
1104 2495 1260 2584 fugientes
1277 2534 1284 2548 ·
1300 2496 1582 2563 adconversionem
1595 2499 1672 2563 reci·

288 2626 357 2690 pere
372 2618 405 2669 et
419 2626 471 2668 eos
486 2603 600 2687 absque
615 2601 860 2667 contradictione
876 2601 981 2688 aliqua
994 2603 1137 2668 rotinere.

347 2711 555 2776 Prohibemus
568 2710 696 2798 insuper
709 2723 746 2776 ut
759 2711 839 2776 nulli
854 2710 984 2778 fratrum
995 2724 1168 2778 vestrorum
1182 2723 1254 2799 post
1261 2710 1374 2778 factam
1384 2709 1418 2774 in
1428 2708 1558 2776 ecclesia
1572 2724 1675 2776 vestra

287 2817 504 2906 professionem
513 2815 558 2882 t'as
572 2815 613 2881 sit
621 2816 688 2882 sine
698 2816 815 2882 Prioris
830 2817 877 2884 sui
888 2817 1021 2886 licencia
1029 2818 1068 2885 de
1083 2817 1195 2885 eodem
1205 2817 1274 2884 lcco
1285 2855 1292 2870 ·
1304 2815 1365 2880 nisi
1374 2816 1500 2882 arcioris
1514 2815 1674 2904 religionis

284 2927 412 2990 obtentu
428 2962 435 2976 ·
451 2923 609 2990 discedere
624 2924 837 2992 discedentem
852 2949 927 2992 vero
949 2927 1065 3012 absque
1088 2925 1304 2993 communium
1318 2922 1479 2989 literarum
1499 2937 1672 2988 vestrarum

285 3031 432 3097 caucione
451 3031 555 3097 nullus
574 3032 687 3098 audeat
702 3033 845 3100 retinere.
889 3033 972 3100 Cum
988 3048 1092 3101 autern
1107 3033 1252 3122 generale
1267 3031 1469 3098 interdictum
1484 3043 1564 3096 terre
1578 3029 1674 3095 fuerit

286 3136 374 3203 liceat
388 3135 479 3202 vobis
493 3137 603 3203 clausis
614 3137 720 3224 januis
736 3175 743 3188 ·
759 3137 895 3204 exclusis
910 3136 1190 3204 excommunicatis
1205 3149 1237 3202 et
1250 3135 1426 3202 interdictis
1442 3173 1448 3186 ·
1464 3159 1528 3200 non
1543 3134 1673 3222 pulsatis

285 3242 439 3330 campanis
456 3279 462 3292 ·
479 3265 640 3330 suppressa
655 3265 732 3308 voce
742 3240 852 3308 divina
866 3241 968 3309 officia
981 3243 1137 3310 celebrare
1153 3281 1161 3294 ·
1177 3242 1349 3308 dummodo
1364 3265 1487 3308 causam
1502 3265 1566 3308 non
1577 3242 1671 3309 dede-

286 3348 350 3413 ritis
364 3346 542 3413 interdicto.

347 3454 470 3520 Crisma
480 3477 554 3519 vero
568 3491 574 3504 ·
587 3452 689 3519 oleum
702 3467 843 3520 sanctum
854 3491 861 3504 ·
873 3453 1124 3520 consecrationes
1139 3452 1284 3519 altarium
1295 3475 1350 3518 seu
1358 3451 1555 3520 basilicarum
1569 3493 1575 3504 ·
1588 3455 1671 3520 ordi-

285 3561 426 3628 naciones
440 3559 624 3627 clericorum
645 3559 699 3646 qui
714 3559 755 3626 ad
769 3561 892 3626 ordines
907 3560 1023 3628 fuerint
1041 3559 1247 3647 promovendi
1263 3597 1270 3610 ·
1286 3583 1305 3624 a
1319 3556 1483 3624 diocesem
1498 3559 1672 3648 suscipietis

286 3668 428 3757 episcopo
445 3707 451 3720 ·
467 3668 622 3754 siquidem
644 3668 814 3735 catholicus
828 3666 922 3733 suerit
942 3681 974 3734 et
995 3668 1128 3755 gratiam
1151 3680 1184 3732 et
1205 3664 1457 3732 communionem
1481 3681 1672 3733 sacrosancte

287 3774 424 3842 Romane
439 3774 520 3840 sedis
534 3773 679 3840 habuerit
693 3788 725 3838 et
738 3797 776 3838 ea
789 3772 879 3838 vobis
893 3771 1029 3839 voluerit
1043 3772 1110 3838 sine
1124 3771 1277 3860 pravitate
1292 3769 1397 3856 aliqua
1410 3770 1569 3837 exhibere.

345 3880 553 3947 Prohibemus
562 3881 689 3967 insuper
703 3891 739 3944 ut
748 3878 829 3944 iulis
838 3879 914 3945 fines
926 3879 1072 3968 parochie
1084 3892 1185 3946 vestre
1198 3917 1205 3930 ·
1217 3878 1321 3944 sicam
1332 3877 1454 3944 habetis
1467 3917 1473 3929 ·
1486 3878 1590 3944 nullus
1605 3879 1672 3947 sine

288 4007 407 4051 assensu
421 3984 578 4050 diocesani
593 3982 731 4071 episcopi
746 3996 778 4048 et
792 3995 895 4048 vestro
914 3983 1065 4072 capellam
1088 4007 1143 4049 seu
1158 3983 1326 4048 oratorium
1341 3982 1381 4048 dc
1398 4007 1481 4048 noso
1495 3997 1672 4054 construere

287 4089 404 4156 audeat.
451 4087 551 4154 Salvis
566 4086 739 4176 privilegiis
755 4085 940 4173 pontificum
955 4089 1176 4154 Romanorum.
1214 4088 1271 4153 Ad
1284 4087 1343 4154 hec
1359 4112 1455 4156 noras
1469 4104 1502 4156 et
1515 4091 1670 4158 indebitas

288 4195 461 4260 exactiones
473 4194 513 4259 ab
524 4191 763 4280 archiepiscopis
775 4191 927 4280 episcopis
942 4191 1167 4260 archidiaconis
1182 4215 1237 4258 seu
1248 4191 1374 4258 decanis
1385 4192 1515 4280 aliisque
1527 4197 1671 4264 omnibus

289 4299 497 4366 ecclesiasticis
511 4298 739 4365 secularibusre
754 4298 893 4386 personis
908 4323 926 4365 a
939 4299 1030 4366 vobis
1044 4299 1171 4364 omnino
1186 4299 1253 4366 fieri
1268 4299 1478 4388 prohibemus.

289 4465 292 4470 .
348 4405 547 4494 sepulturam
562 4427 687 4492 quoque
701 4402 799 4492 ipsius
809 4403 871 4472 loci
886 4404 1015 4472 liberam
1029 4427 1093 4472 esse
1102 4404 1298 4472 decernimus
1314 4445 1321 4458 ·
1336 4419 1373 4472 ut
1387 4429 1494 4472 eorum
1506 4407 1670 4474 devocioni

1638 4528 1670 4578 et
