4284 5412
969 570 1010 642 71

360 731 544 807 Tenendam
569 744 602 797 et
619 730 795 798 habendam
810 728 926 795 dictam
945 727 1108 794 dimidiam
1129 741 1319 794 carrucatam
1342 743 1422 796 terre
1442 753 1514 797 oum
1540 733 1685 800 omnibus

297 839 357 904 suis
371 837 571 927 pertinenciis
585 835 677 904 dictis
691 834 847 903 canonicis
868 849 901 900 et
923 834 986 900 suis
1008 833 1234 900 successoribus
1254 835 1293 900 de
1315 859 1365 900 me
1381 851 1413 902 et
1425 836 1592 905 heredibus
1607 840 1684 906 meis

297 969 367 1012 cum
381 945 560 1011 omnimoda
574 943 734 1010 communi
748 956 872 1032 pastina
887 942 1041 1009 dictarum
1059 955 1295 1010 montanearum
1310 943 1410 1010 libere
1426 945 1530 1030 quiete
1545 946 1683 1033 plenarie

297 1065 327 1118 ct
340 1054 461 1141 integre
480 1053 560 1118 bene
575 1065 608 1116 et
620 1050 655 1116 in
677 1073 752 1138 pace
769 1088 776 1102 ·
792 1050 826 1114 in
840 1050 935 1137 pratis
955 1063 988 1116 et
1001 1051 1123 1139 pascuis
1143 1051 1275 1140 pasturis
1289 1051 1324 1116 in
1339 1052 1433 1118 moris
1452 1065 1484 1118 et
1498 1054 1635 1120 mariscis
1649 1055 1684 1120 in

297 1159 438 1226 turbariis
452 1157 587 1247 genestis
601 1169 633 1224 et
643 1155 774 1223 brueriis
785 1154 820 1220 in
834 1156 922 1242 aquis
936 1169 969 1222 et
979 1156 1095 1244 stagnis
1106 1169 1139 1222 et
1148 1157 1336 1222 molendinis
1347 1171 1379 1223 et
1389 1157 1424 1223 in
1434 1159 1578 1226 omnibus
1588 1161 1682 1227 liber-

296 1263 408 1331 tatibus
431 1277 464 1330 et
477 1263 583 1330 liberis
605 1261 883 1330 consuetudinibus
907 1261 946 1327 ad
964 1262 1095 1328 liberam
1114 1276 1228 1330 terram
1251 1263 1489 1351 pertinentibus.
1532 1267 1583 1332 Ita
1597 1268 1683 1353 quod

296 1371 385 1437 liceat
405 1370 523 1437 eisdem
545 1368 702 1436 canonicis
723 1381 756 1435 et
776 1367 840 1434 suis
853 1367 1033 1434 hominibus
1048 1393 1171 1456 pascere
1186 1368 1292 1456 fodere
1315 1394 1417 1437 secare
1440 1385 1473 1436 et
1495 1375 1599 1438 omnia
1622 1374 1683 1440 alia

296 1481 461 1547 asiammta
474 1479 548 1546 inde
563 1479 678 1545 habere
699 1479 780 1544 sicut
794 1503 853 1567 ego
875 1500 1023 1564 umquam
1037 1477 1136 1544 habui
1154 1477 1207 1542 vel
1226 1477 1323 1562 aliqui
1338 1478 1372 1542 in
1386 1478 1513 1546 nomine
1535 1503 1606 1546 meo
1629 1497 1683 1546 aut

296 1599 497 1652 antecessores
515 1585 579 1652 mei
598 1585 650 1652 vel
664 1585 761 1670 aliqui
781 1584 907 1650 nomine
927 1607 1035 1650 eorum
1050 1583 1124 1650 inde
1142 1583 1254 1650 melius
1273 1583 1396 1672 plenius
1416 1597 1470 1650 aut
1484 1584 1612 1652 liberius
1626 1586 1681 1652 ha-

295 1693 429 1758 buerunt
442 1690 494 1756 vel
509 1690 613 1776 aliquo
629 1701 768 1776 tempore
783 1701 960 1755 tenuerunt.

356 1798 531 1864 Reddendo
541 1797 616 1863 inde
631 1798 791 1864 annuatim
805 1797 885 1862 milri
899 1811 932 1864 et
940 1797 1108 1864 heredibus
1122 1797 1200 1864 meis
1211 1797 1271 1884 ipsi
1282 1811 1315 1863 et
1325 1821 1512 1866 successores
1527 1799 1575 1865 sui
1586 1823 1681 1865 unam

295 1905 404 1972 libram
419 1905 527 1972 cimini
538 1905 573 1970 in
587 1905 665 1971 sesto
679 1905 889 1994 apostolorum
903 1905 1046 1994 Philippi
1062 1919 1094 1972 et
1108 1907 1130 1972 J
1130 1905 1220 1972 scobi
1234 1930 1291 1996 pro
1306 1905 1393 1971 omni
1407 1907 1538 1974 servicio
1553 1906 1683 1974 seculari

295 2025 374 2078 sacta
387 2011 473 2078 curie
488 2011 652 2078 exactione
666 2025 700 2077 et
710 2011 864 2078 demanda
878 2013 918 2077 ad
929 2036 979 2078 me
994 2013 1046 2078 vel
1059 2012 1188 2078 heredes
1202 2035 1287 2078 meos
1297 2012 1477 2101 pertinenti.
1521 2013 1592 2102 Ego
1607 2037 1681 2078 vero

296 2133 326 2186 ct
343 2119 472 2186 heredes
493 2117 557 2184 mei
572 2117 689 2183 dictam
704 2117 867 2183 dimidiam
881 2129 1057 2183 eamcatam
1071 2129 1151 2182 terre
1170 2139 1244 2181 cum
1265 2115 1327 2181 suis
1349 2117 1549 2203 pertinenciis
1563 2132 1681 2184 etcum

295 2224 471 2290 omnimoda
490 2235 615 2312 pastura
629 2221 843 2310 prenominata
857 2219 1004 2308 predictis
1019 2219 1175 2286 canonicis
1193 2233 1226 2285 et
1245 2223 1469 2290 successoribus
1491 2223 1554 2290 suis
1575 2237 1683 2291 contra

296 2351 398 2394 omnes
412 2329 555 2395 homines
569 2342 603 2395 et
615 2328 746 2396 feminas
761 2328 897 2416 plenarie
911 2327 1181 2394 warantizabimus
1195 2326 1229 2391 in
1244 2341 1439 2415 perpetuum.

356 2434 401 2499 Et
415 2448 452 2500 ut
464 2434 524 2502 hec
545 2458 615 2502 mea
634 2434 765 2501 donacio
787 2433 943 2500 concessio
969 2446 1002 2499 et
1024 2432 1222 2500 confirmacio
1244 2447 1394 2521 perpetue
1413 2435 1568 2501 firmitatis
1586 2437 1681 2504 robur

296 2540 432 2606 obtineat
445 2553 619 2628 presentem
634 2555 751 2606 cartam
769 2538 864 2628 sigilli
879 2539 942 2606 mei
957 2539 1158 2627 impressione
1172 2538 1325 2604 roboravi.
1370 2540 1442 2606 Hiis
1456 2542 1586 2608 testibus
1603 2580 1609 2593 ·
1626 2543 1680 2609 do·

295 2646 384 2712 minis
399 2646 534 2712 Ricardo
548 2645 686 2734 Anglico
703 2683 709 2696 ·
726 2643 870 2710 Gilberto
894 2643 933 2708 de
952 2643 1036 2709 bello
1051 2643 1138 2730 Fago
1155 2682 1161 2695 ·
1177 2641 1341 2708 Willelmo
1360 2643 1499 2732 Anglico
1516 2683 1522 2696 ·
1538 2644 1679 2712 Waltero

295 2750 442 2819 Lacheles
455 2751 635 2818 ·Willelmo
647 2751 685 2817 de
700 2751 802 2816 Fonte
819 2788 826 2802 ·
842 2748 977 2852 Ricardo
993 2748 1143 2814 Lacheles
1160 2785 1166 2798 ·
1182 2748 1257 2812 Ada
1271 2749 1310 2814 de
1326 2749 1408 2814 Karr
1423 2789 1429 2801 ·
1445 2751 1467 2816 J
1468 2751 1589 2818 ohanne
1606 2751 1679 2818 Sut-

295 2871 346 2923 ton
359 2899 365 2911 ·
378 2859 542 2925 Willehno
561 2859 739 2947 Lysscbone
760 2897 766 2910 ·
788 2857 882 2924 Petro
902 2857 942 2924 de
958 2856 1100 2924 Goulock
1119 2895 1125 2908 ·
1142 2856 1287 2922 Johanne
1310 2856 1349 2922 de
1365 2857 1488 2924 Renina
1504 2897 1510 2909 ·
1527 2857 1679 2925 Nicholao

295 2965 331 3030 de
346 2965 473 3032 Exonia
488 2965 600 3032 clerico
616 2979 648 3030 et
661 2965 767 3031 multis
782 2965 859 3032 aliis.

899 3227 1062 3299 LXXX.

630 3412 688 3486 Bt
705 3411 936 3504 mquoatluta
954 3412 1034 3486 atrts
1052 3415 1136 3503 apat
1153 3411 1329 3501 douram

355 3600 450 3668 (liant
464 3613 621 3690 presentes
638 3612 672 3666 et
688 3600 787 3667 futuri
805 3599 890 3686 quod
910 3621 968 3687 ego
983 3597 1169 3664 Waleranus
1188 3598 1227 3664 de
1241 3595 1434 3684 Welleslegh
1448 3595 1522 3662 dedi
1541 3599 1678 3664 concessi

375 3723 408 3776 et
421 3709 481 3775 hac
491 3708 628 3797 presenti
639 3721 723 3776 carta
736 3731 805 3774 mea
819 3705 1001 3774 confirmavi
1011 3704 1113 3770 Priori
1123 3719 1155 3770 et
1165 3703 1322 3770 canonicis
1332 3701 1484 3768 Omnium
1491 3701 1677 3769 Sanctorum

288 3817 382 3902 juxta
395 3815 519 3881 Dnblin
534 3815 762 3904 quinquaginta
785 3837 869 3880 acras
888 3826 969 3879 terre
994 3835 1065 3878 cum
1089 3809 1289 3899 pertinenciis
1303 3809 1338 3874 in
1351 3821 1530 3874 tenemento
1546 3808 1585 3874 de
1601 3809 1676 3876 Cre·
1703 3875 1706 3882 ,

291 3921 373 3988 wath
387 3935 420 3986 et
433 3919 609 3986 dominium
629 3935 661 3986 et
675 3918 840 3985 servicium
855 3917 964 3982 decem
979 3939 1118 3982 acrarum
1133 3937 1209 4000 quas
1223 3913 1383 3978 lohannes
1397 3912 1550 3978 Wodeloc
1566 3926 1651 3979 tenet
1667 3947 1674 3966 ·

289 4027 436 4093 videlicet
450 4026 490 4092 de
513 4039 593 4090 terra
617 4049 677 4109 que
691 4023 752 4088 fuit
766 4021 923 4108 quondam
940 4018 1078 4086 Cormok
1094 4017 1216 4084 Oculan
1230 4017 1265 4082 in
1284 4033 1371 4106 parte
1394 4017 1579 4084 occidentali
1594 4031 1674 4084 terre

289 4131 498 4198 adecclcsiam
507 4131 547 4196 de
557 4130 701 4196 Orewath
709 4129 924 4218 [pertinentis]
938 4151 1010 4194 cum
1021 4126 1199 4194 communia
1207 4126 1306 4193 tocius
1317 4139 1463 4192 montane
1475 4139 1539 4192 tam
1550 4142 1673 4214 pastura

289 4265 382 4327 quam
396 4241 483 4308 bosci
498 4252 530 4306 et
543 4240 673 4307 turbarii
687 4254 819 4329 geneste.
832 4252 865 4305 et
879 4241 990 4306 bruera
1006 4261 1067 4324 que
1081 4236 1239 4325 pertinent
1253 4235 1293 4302 ad
1306 4235 1392 4302 idem
1406 4245 1619 4300 tenementum
1634 4233 1674 4297 de

289 4347 434 4415 Orewath
451 4385 457 4398 ·
474 4347 514 4414 ad
528 4347 681 4414 utendum
699 4361 732 4414 et
746 4347 933 4436 capiendum
952 4344 1026 4412 inde
1050 4343 1135 4438 quod
1158 4344 1275 4412 eisdem
1298 4341 1454 4410 canonicis
1473 4353 1505 4406 et
1519 4338 1581 4404 suis
1604 4361 1672 4403 suc-

1503 4444 1671 4512 cessoribus
