4306 5414
985 657 1051 731 135

377 827 394 852 “
406 821 508 878 Comes
518 818 668 888 Ricardus‚
683 820 760 876 vices
773 817 861 896 Regia
869 818 979 895 Anglia
991 819 1021 876 in
1031 818 1175 876 Hibernia
1187 837 1282 896 agens,
1298 819 1378 878 dedit
1391 837 1429 877 ex
1439 829 1521 896 parte
1532 819 1618 896 Regis
1626 819 1707 876 Wal-

315 927 378 976 tero
392 917 428 976 de
441 917 621 976 Ridelesford
635 917 724 976 Brien
744 919 858 994 (Brieu,
881 920 975 998 Bray;
996 919 1108 998 Lynch,
1126 919 1236 978 Feudsl
1256 919 1409 995 Dignities,
1423 938 1451 996 p.
1472 917 1541 995 147)
1554 928 1585 976 et
1601 929 1710 977 terram

315 1017 443 1074 filiorum
458 1014 601 1075 Odurchil
620 1015 802 1094 (O’Tuethil,
822 1015 940 1094 Lynch;
968 1015 1164 1094 O’Torquill)
1185 1037 1253 1076 cum
1273 1018 1345 1075 totis
1358 1018 1551 1094 pertinentiis,
1574 1017 1616 1076 ita
1632 1016 1710 1093 quod

315 1118 392 1176 infra
405 1117 582 1194 pertinentia
601 1116 725 1174 istarum
745 1128 890 1174 terrarum
904 1117 1022 1176 feodum
1036 1133 1053 1194 5
1067 1117 1197 1176 militum
1211 1115 1330 1175 habebit
1344 1117 1367 1174 si
1383 1117 1424 1174 ibi
1438 1114 1565 1184 affuerit,
1587 1125 1617 1174 et
1632 1115 1710 1192 quod

315 1219 358 1276 ibi
377 1217 503 1277 defuerit
524 1219 556 1276 in
576 1218 778 1295 propinquiori
800 1239 836 1277 ex
850 1238 910 1276 una
925 1228 1008 1298 parte
1027 1228 1058 1278 et
1078 1219 1134 1277 alia
1147 1237 1221 1295 aque
1234 1218 1269 1277 de
1283 1218 1372 1276 Brien
1385 1217 1482 1275 dictus
1498 1235 1591 1275 comes
1605 1215 1632 1274 ei
1645 1235 1709 1292 per-

315 1315 402 1382 ficiat,
418 1323 447 1372 et
461 1315 665 1372 Duvenalbroc
678 1322 708 1372 et
721 1313 944 1392 Ballymagrane
956 1333 1023 1373 cum
1042 1315 1234 1392 pertinentiis,
1250 1333 1308 1390 que
1321 1322 1392 1372 sunt
1405 1314 1425 1371 6
1437 1323 1571 1371 carucata
1589 1321 1711 1372 terreat

316 1411 542 1471 Tachoomtdera
559 1423 589 1472 et
611 1412 824 1472 Ohilmethelda
837 1432 904 1471 cum
928 1413 1121 1490 pertinentiis,
1144 1433 1202 1490 que
1218 1421 1288 1471 sunt
1303 1430 1318 1470 2
1334 1421 1475 1482 merresta,
1498 1421 1529 1471 et
1547 1413 1710 1471 Balimelise

315 1532 372 1588 que
385 1522 430 1570 est
442 1531 502 1570 una
515 1521 658 1582 carucata
678 1522 709 1570 et
728 1511 854 1572 Clohbin
868 1533 925 1590 que
938 1523 982 1572 est
996 1533 1056 1571 una
1069 1523 1211 1572 carucata
1254 1513 1329 1572 Istas
1347 1530 1379 1570 ιο
1400 1521 1548 1572 carucatas
1563 1523 1640 1571 terre
1658 1511 1709 1569 ha·

315 1611 397 1667 bebit
410 1629 464 1687 pro
477 1611 560 1668 feodo
572 1611 662 1669 unius
681 1611 785 1669 militis
797 1613 853 1669 sibi
869 1620 899 1669 et
912 1609 1068 1669 heredibus
1082 1609 1118 1668 de
1132 1609 1209 1686 Rege
1223 1610 1332 1686 Anglie
1352 1620 1382 1668 et
1395 1607 1551 1668 heredibus
1572 1609 1709 1668 tenendas

314 1709 346 1764 in
360 1707 441 1766 feodo
455 1717 484 1766 et
497 1707 660 1766 hereditate
672 1727 724 1786 per
743 1708 870 1766 liberum
884 1707 1040 1766 servicium
1054 1724 1071 1784 3
1086 1707 1215 1765 militum
1233 1707 1375 1767 Dublinie
1387 1707 1559 1774 faciendum,
1575 1709 1640 1777 via,
1656 1729 1709 1784 pro

314 1807 397 1864 feodo
410 1823 428 1884 5
442 1808 571 1866 militum
585 1808 621 1866 de
634 1808 723 1867 Brien
742 1809 939 1886 longinquiori
953 1808 1068 1867 Dublin
1082 1808 1236 1866 servicium
1252 1824 1268 1865 2
1284 1808 1412 1866 militum
1431 1816 1462 1866 et
1474 1827 1527 1885 pro
1545 1823 1580 1865 10
1594 1825 1709 1864 caruca-

316 1909 354 1965 tis
367 1907 625 1985 propinquioribus
640 1907 752 1964 Dublin
773 1907 927 1965 servicium
946 1923 957 1963 1
974 1905 1087 1975 militis,
1109 1913 1139 1964 et
1162 1924 1229 1962 cum
1242 1903 1298 1962 hoc
1314 1904 1411 1963 dictus
1423 1923 1517 1963 comes
1537 1903 1619 1962 dedit
1632 1905 1658 1962 ei
1672 1924 1709 1961 ex

314 2018 398 2085 parte
403 2007 489 2084 Regis
499 2007 617 2066 domum
631 2015 661 2064 et
673 2005 869 2082 messuaginm
878 2003 1189 2063 CristiniOstmannioi
1198 2011 1283 2062 extra
1295 2011 1409 2080 portam
1422 2012 1452 2062 et
1465 2021 1584 2060 murum
1596 2003 1709 2061 Dublin

315 2124 366 2180 per
379 2105 589 2164 concessionem
603 2105 725 2164 Cristini
745 2105 878 2182 predicti,
898 2104 1021 2182 hospitis
1035 2104 1090 2162 sui.
1130 2103 1268 2162 Testibus
1282 2103 1438 2179 Rannlpho
1453 2102 1666 2160 constabulario
1680 2113 1710 2159 et

314 2204 386 2260 aliis.
429 2205 581 2264 Gilbertus
595 2205 841 2282 scripsit.”-Rot
856 2205 922 2264 Pas.
936 2206 1004 2263 Lis.
1018 2203 1115 2281 Amiq.
1130 2219 1178 2280 52.

375 2305 418 2360 As
432 2303 491 2361 this
505 2313 592 2380 grant
602 2304 627 2362 is
640 2305 805 2363 mentioned
820 2306 850 2362 in
861 2305 940 2383 Pope
955 2305 1112 2382 Gregory's
1125 2302 1198 2371 bull,
1214 2301 1238 2359 it
1252 2311 1331 2360 must
1345 2302 1417 2359 have
1430 2302 1502 2358 been
1516 2299 1598 2358 made
1610 2301 1709 2359 before

321 2417 402 2476 ¹²34

879 2547 956 2624 Pope
971 2547 1018 2622 67,
1032 2546 1091 2604 line
1105 2546 1147 2604 16.

374 2681 623 2758 liquamen-In
647 2681 697 2740 the
718 2682 841 2741 Charter
862 2683 943 2740 Book
964 2684 997 2740 of
1014 2682 1064 2742 the
1077 2685 1268 2762 Corporation
1281 2685 1315 2743 of
1329 2686 1442 2744 Dublin
1461 2703 1509 2743 are
1529 2704 1617 2764 many
1638 2705 1709 2763 very

315 2781 395 2859 early
412 2781 470 2837 and
489 2799 560 2859 very
579 2782 698 2838 curicus
718 2781 826 2839 entries
847 2781 1010 2857 respecting
1031 2779 1082 2838 the
1104 2782 1166 2860 city
1190 2782 1354 2859 waterpipe.
1396 2781 1521 2840 Thomas
1544 2782 1709 2859 litzgerald

315 2880 515 2938 endeavoured
528 2891 559 2938 to
572 2891 624 2939 cut
638 2881 689 2939 the
701 2882 782 2959 pipes
795 2881 829 2939 of
838 2880 889 2939 the
901 2880 1046 2950 conduits,
1070 2879 1208 2959 whereby
1221 2879 1272 2939 the
1293 2881 1412 2938 citizens
1425 2879 1460 2936 of
1470 2879 1583 2937 Dublin
1604 2877 1708 2938 should

314 2981 351 3038 be
365 2980 505 3038 destitute
518 2981 552 3038 of
561 2980 638 3039 fresh
653 2981 981 3060 water-Stanyhurst,
996 3001 1024 3059 p.
1040 2982 1106 3058 296,
1119 2982 1152 3039 in
1162 2981 1334 3040 Holinshed.

879 3146 958 3224 Papo
968 3145 1015 3215 68,
1029 3143 1087 3204 linc
1098 3161 1113 3201 2
1118 3161 1144 3221 3.

374 3283 464 3341 Heres
476 3283 710 3342 domini'Robevti
723 3282 940 3361 Rapui-This
953 3283 1130 3359 assignment
1145 3291 1226 3340 must
1239 3280 1312 3340 have
1324 3282 1397 3339 been
1411 3280 1493 3338 made
1506 3279 1620 3358 shortly
1633 3281 1708 3339 after

315 3383 365 3440 the
379 3383 466 3441 death
480 3385 514 3441 of
523 3384 573 3441 the
586 3382 665 3441 elder
679 3383 728 3442 Sir
747 3384 858 3442 Robert
871 3382 980 3460 Bagod,
996 3380 1084 3440 Chief
1093 3381 1208 3441 Justice
1221 3380 1255 3438 of
1264 3380 1315 3438 the
1328 3379 1433 3455 King’s
1446 3379 1554 3449 Bench‚
1571 3378 1665 3437 which
1681 3382 1706 3438 is

315 3481 414 3558 placed
427 3482 467 3559 by
481 3481 663 3558 Pembridge,
679 3483 709 3538 in
722 3481 769 3540 his
785 3481 906 3552 Annals
922 3482 954 3539 in
969 3480 1027 3539 this
1040 3499 1117 3559 year,
1137 3479 1219 3555 1298.

878 3641 908 3698 P
942 3640 1014 3717 269,
1028 3639 1086 3699 linc
1097 3657 1143 3717 29.

377 3757 573 3816 Tenementum
586 3775 672 3815 suum
684 3757 718 3816 ds
731 3661 991 3817 Rotthichhlaa
1004 3758 1039 3818 de
1053 3759 1228 3837 Hynteberg
1241 3756 1303 3816 sold
1316 3765 1347 3816 to
1357 3757 1406 3816 Sir
1418 3759 1529 3817 Robert
1543 3759 1642 3836 Bagod
1656 3759 1706 3818 the

315 3875 414 3914 manor
428 3855 464 3914 de
476 3857 504 3915 le
517 3856 603 3925 Rath,
621 3863 641 3891 “
649 3856 728 3932 qnod
741 3867 786 3915 est
799 3866 884 3915 extra
897 3857 1010 3915 Dublin
1024 3875 1113 3934 prope
1131 3856 1278 3915 ecclcsim
1293 3856 1432 3915 Omnium
1450 3856 1623 3917 Sanctorum
1637 3878 1704 3918 cnm

314 3953 483 4028 aqueductu
497 3952 532 4010 de
545 3953 572 4010 le
585 3953 818 4012 Doder.”-Ls'tt.
833 3953 928 4030 Autiq.
942 3972 989 4029 4¹·

881 4117 960 4194 Pope
972 4134 1017 4192 71,
1032 4116 1090 4175 line
1103 4135 1145 4193 19.

374 4235 496 4294 Ricardo
508 4235 821 4316 duplica—Amongst
843 4239 894 4298 the
914 4257 1012 4297 names
1025 4239 1058 4296 of
1071 4237 1122 4296 the
1134 4238 1241 4296 lurore
1261 4257 1298 4294 on
1320 4255 1357 4294 an
1376 4235 1550 4312 Inquisition
1573 4232 1660 4291 taken
1673 4243 1704 4291 at

316 4333 508 4404 Castlelrevin,
522 4336 555 4392 in
569 4335 620 4395 the
638 4336 709 4394 time
721 4337 755 4396 of
764 4336 841 4395 Lord
855 4335 982 4394 Edward
995 4332 1109 4414 (1270),
1124 4353 1173 4393 are
1186 4333 1238 4392 the
1250 4333 1411 4411 following:
1434 4340 1452 4366 ‘⁶
1463 4331 1595 4400 Thomas,
1618 4333 1704 4390 Prior

315 4431 415 4492 Sancti
428 4433 586 4495 Salvatoris
600 4435 800 4506 Glandslache,
817 4433 958 4496 AfPrior
970 4454 1074 4512 magne
1086 4434 1202 4493 ecclesie
1215 4433 1251 4493 de
1266 4432 1465 4503 Glandelache,
1481 4431 1604 4490 Donolm
1619 4432 1705 4489 Prior

1668 4529 1703 4586 de
