4306 5414
974 700 1035 772 131

308 865 461 943 paruerint
481 864 586 940 punire
605 871 774 939 presumant
801 881 885 938 poene
904 860 1071 938 pecuniaria
1090 868 1120 918 et
1136 859 1287 918 interdum
1310 858 1417 916 carceri
1437 857 1608 934 mancipare.
1656 857 1705 912 In-

309 983 397 1042 super
406 963 544 1041 prelibati
558 963 578 1022 J
579 961 722 1020 usticisrii
735 971 765 1020 et
776 961 882 1020 Ballivi
890 959 1151 1037 Archiepiscopum
1167 958 1362 1036 suffraganeos
1375 969 1405 1016 et
1414 957 1547 1016 officiales
1562 955 1707 1032 predictos

309 1063 334 1120 si
347 1081 399 1140 per
412 1060 629 1138 inquisitionem
642 1061 747 1117 lectam
768 1077 856 1136 super
875 1057 931 1116 hoc
944 1065 1044 1115 contra
1057 1075 1104 1114 eos
1117 1056 1281 1115 constiterit
1298 1055 1376 1132 quod
1395 1056 1451 1132 ipsi
1470 1057 1658 1133 cognoverint
1671 1053 1707 1112 de

309 1162 457 1239 aliquibus
478 1159 572 1218 causis
594 1176 651 1234 que
674 1176 732 1216 non
752 1157 865 1215 fuerint
885 1155 1111 1216 matrimoniales
1134 1155 1180 1214 vel
1202 1155 1416 1214 testamentarie
1439 1149 1604 1231 pecuniaria
1624 1171 1707 1230 poena

309 1260 451 1319 mulctare
464 1268 494 1318 et
506 1257 655 1316 interdurn
674 1256 787 1316 cosdem
806 1257 983 1314 incarcerare
997 1263 1174 1332 presumant
1216 1254 1359 1330 Quodque
1379 1253 1403 1311 si
1423 1253 1549 1330 aliquem
1570 1252 1706 1310 «Iudicem

310 1359 545 1418 Ecclesiasticum
559 1355 705 1414 occasione
725 1355 851 1430 alicujus
875 1351 1034 1430 questionis
1055 1371 1113 1428 que
1130 1352 1259 1410 vertitur
1278 1371 1373 1410 coram
1394 1369 1428 1408 eo
1448 1351 1598 1427 contingat
1610 1349 1642 1406 in
1655 1350 1706 1407 eli-

310 1478 397 1535 quem
410 1457 531 1516 Laicum
545 1455 679 1532 exigente
690 1453 810 1530 justicia
823 1449 1102 1511 excomunicacionis
1122 1450 1298 1508 sententiam
1316 1450 1500 1528 promulgere
1518 1450 1623 1507 Laicus
1645 1449 1706 1524 ipse

310 1558 402 1616 eidem
427 1555 521 1632 judici
541 1554 685 1632 perdictos
710 1552 894 1610 Justiciarios
915 1559 946 1610 et
968 1549 1095 1608 Ballivos
1116 1548 1249 1607 inhibere
1269 1557 1408 1626 procurat
1430 1567 1467 1607 ne
1487 1548 1518 1606 in
1538 1546 1707 1622 hujusmodi

311 1677 397 1716 causa
406 1653 542 1732 procedat
552 1662 618 1730 post
631 1651 834 1710 inhibitionem
848 1659 946 1708 autem
955 1649 1126 1724 hujusmodi
1136 1648 1232 1708 dictus
1246 1648 1351 1708 Laicus
1364 1668 1422 1707 non
1443 1649 1556 1706 vitetur
1568 1657 1706 1722 tanquam

311 1754 551 1814 excomunicatus
571 1749 796 1828 prohibentibus
815 1747 845 1805 id
869 1747 1007 1825 predictis
1025 1747 1205 1805 Justiciariis
1227 1757 1258 1805 et
1278 1748 1407 1806 Ballivis
1448 1748 1591 1817 Quoniam
1614 1748 1708 1823 igitur

311 1864 445 1912 nostrum
473 1852 595 1910 interest
615 1869 703 1926 super
724 1848 782 1906 hiis
806 1848 976 1925 Apostolica
1002 1847 1186 1924 providentia
1208 1847 1369 1906 remedium
1392 1847 1530 1905 adhibere
1552 1866 1589 1905 ne
1612 1847 1637 1904 si
1657 1846 1708 1902 illa

311 1951 590 2012 dissimulaverimus
607 1949 768 2008 incorrecta
785 1947 906 2023 judiciis
926 1946 1089 2006 severitatis
1112 1946 1219 2004 Divina
1241 1945 1411 2016 incidemus,
1432 1945 1600 2004 discretioni
1613 1955 1708 2003 vestre

311 2073 362 2133 per
376 2051 546 2130 Apostolica
567 2050 675 2126 scripte
688 2049 857 2108 mandemus
870 2057 1015 2125 quotenus
1028 2047 1053 2106 si
1067 2056 1113 2106 cat
1126 2049 1169 2107 ita
1182 2048 1202 2107 J
1204 2047 1367 2106 usticiarics
1380 2056 1411 2104 et
1424 2047 1551 2105 Ballivos
1564 2046 1708 2124 predictos

312 2153 389 2230 quod
412 2153 559 2230 prelatum
583 2149 844 2227 Archiepiscopum
868 2149 1064 2226 suffraganeos
1091 2156 1121 2207 et
1141 2147 1258 2222 judices
1286 2147 1323 2205 de
1352 2146 1472 2224 prefatis
1494 2146 1589 2204 musis
1617 2145 1709 2204 libere

311 2270 480 2329 cognoscere
498 2270 531 2309 ac
553 2268 600 2308 eas
622 2249 729 2325 exequi
741 2257 831 2325 prout
844 2248 881 2305 ad
900 2267 947 2306 eos
965 2247 1002 2306 de
1018 2247 1149 2324 predicta
1167 2246 1379 2308 consuetudine
1398 2247 1528 2323 pertinet
1540 2255 1571 2304 et
1584 2245 1620 2304 de
1639 2247 1708 2323 jure
1774 2315 1776 2320 Ι

311 2351 401 2408 libere
413 2349 567 2427 paciantur
576 2355 605 2405 et
621 2342 669 2425 [a]
681 2347 812 2422 quelibet
826 2365 914 2422 super
927 2346 1074 2422 permissis
1088 2366 1189 2404 eorum
1202 2347 1333 2405 indebita
1345 2349 1544 2406 molestatione
1559 2347 1707 2418 desistent,

311 2449 471 2507 monitione
491 2447 630 2524 premisse
652 2464 872 2521 percensuram
894 2445 1125 2504 Ecclesiasticam
1146 2447 1339 2524 appellaoione
1366 2458 1476 2506 remota
1499 2447 1625 2524 (ratione
1644 2468 1708 2524 pre

311 2549 478 2622 missorum)
492 2547 680 2625 compellatis,
700 2566 757 2604 non
771 2547 906 2604 obstante
926 2547 951 2604 si
965 2547 1006 2605 eis
1027 2567 1044 2604 a
1060 2547 1133 2605 Sede
1148 2546 1316 2624 Apostolica
1335 2547 1374 2604 sit
1396 2545 1546 2604 indultum
1560 2546 1638 2622 quod
1659 2566 1708 2604 ex-

311 2648 488 2708 comunicari
515 2648 562 2707 vel
588 2665 689 2704 eorum
712 2656 790 2704 terra
810 2645 967 2704 interdicto
991 2649 1114 2724 supponi
1135 2657 1188 2706 aut
1209 2657 1294 2707 extra
1313 2649 1360 2708 vel
1380 2649 1461 2708 ultra
1480 2659 1594 2708 certum
1613 2651 1709 2708 locum

312 2760 364 2808 aut
383 2749 530 2825 judicium
551 2748 663 2806 evocari
694 2767 752 2805 non
780 2749 893 2824 possint
915 2767 968 2824 per
991 2749 1105 2808 litteras
1129 2747 1312 2826 Apostolicas
1343 2770 1401 2808 non
1432 2751 1569 2810 facientes
1594 2753 1709 2828 plenam

314 2844 375 2928 [ct]
398 2867 563 2924 expressam
590 2847 627 2903 de
653 2845 770 2903 indulto
796 2844 965 2920 hujusmodi
988 2849 1165 2906 mencionem
1189 2857 1242 2906 aut
1267 2848 1451 2926 indulgentia
1474 2850 1557 2910 Sedis
1579 2851 1708 2927 ejusdem

312 2966 369 3024 que
382 2947 524 3004 frctribus
545 2945 592 3004 tui
613 2945 724 3003 ordinis
742 2943 784 3001 fili
799 2945 885 3003 Prior
898 2945 1009 3004 dicitur
1031 2966 1092 3005 esse
1112 2947 1233 3006 comissa
1250 2966 1288 3006 nc
1300 2948 1337 3006 de
1350 2950 1443 3007 causis
1464 2968 1522 3026 que
1544 2969 1598 3026 per
1617 2951 1710 3028 ipsius

313 3046 395 3104 Sedis
416 3047 530 3104 litteras
553 3045 750 3103 comittuntur
774 3044 881 3102 eisdem
908 3065 1078 3122 cognoscere
1101 3054 1257 3106 teneantur
1279 3049 1337 3105 nisi
1358 3049 1389 3105 in
1408 3049 1449 3106 eis
1472 3047 1508 3106 de
1528 3047 1710 3125 indulgentia

312 3143 482 3221 hujusmodi
503 3163 638 3221 expressa
657 3143 769 3201 mencio
792 3141 942 3201 habentur.
983 3145 1104 3202 Proviso
1118 3165 1154 3204 ne
1166 3146 1198 3203 in
1212 3147 1357 3223 predictos
1374 3148 1422 3206 vel
1442 3147 1568 3222 alicujus
1589 3148 1710 3205 alterius

312 3244 389 3302 dicte
403 3243 556 3301 Provincie
574 3242 710 3300 Civitatis
723 3241 770 3300 vel
793 3242 849 3300 loci
865 3243 1085 3301 universitatem
1098 3246 1404 3304 excommunicacionis
1418 3247 1464 3303 vel
1477 3245 1627 3304 interdicti
1647 3265 1710 3303 sen-

313 3343 436 3401 tenciam
449 3340 601 3419 proferatis
614 3340 671 3400 nisi
689 3360 706 3398 a
727 3341 811 3398 nobis
830 3359 917 3417 super
937 3338 992 3400 hoc
1004 3341 1175 3402 mandatum
1195 3345 1343 3422 recepistis
1363 3344 1492 3422 specicle
1514 3344 1631 3421 quodsi
1651 3365 1710 3403 non

313 3444 397 3501 ambo
419 3441 466 3499 his
486 3440 662 3517 exequendis
682 3441 839 3518 potueritis
864 3442 1002 3500 interesse
1024 3444 1098 3501 alter
1121 3452 1253 3502 vestrum
1274 3465 1307 3503 ea
1327 3444 1516 3502 nihilominus
1537 3451 1709 3519 exequatur.

314 3543 424 3598 Datum
438 3539 567 3598 viterbii
579 3540 609 3596 ii.
620 3538 692 3597 Idus
703 3537 875 3596 Novembris
889 3538 1082 3597 Pontificatus
1095 3540 1189 3597 nostri
1202 3541 1291 3598 Anno
1305 3539 1518 3598 Primo.”-Al.
1530 3541 1605 3617 1229„
1619 3561 1646 3618 p.
1661 3557 1708 3617 97.

373 3640 461 3698 From
481 3659 518 3696 an
540 3638 716 3714 Inquisition
739 3638 825 3714 given
846 3638 878 3694 in
899 3639 1151 3718 Alan’sRegistry
1173 3639 1308 3718 (Trinity
1322 3639 1438 3716 college
1452 3658 1534 3718 copy,
1550 3659 1577 3716 p.
1594 3637 1664 3716 243)
1685 3641 1709 3698 it

313 3757 433 3814 appears
454 3737 520 3794 that
533 3757 550 3794 a
563 3737 674 3795 certain
688 3737 788 3795 Simon
801 3738 887 3816 Neyl‚
909 3757 942 3796 or
957 3739 1073 3819 Oneyll‚
1096 3739 1162 3798 who
1183 3741 1208 3798 is
1229 3739 1326 3818 styled
1340 3739 1452 3798 Citiaen
1465 3739 1499 3797 cf
1508 3739 1630 3809 Dublin,
1651 3740 1709 3797 had

313 3836 450 3912 acquired
472 3845 531 3895 two
551 3847 699 3895 carucatas
720 3837 754 3895 os
762 3837 831 3894 land
844 3838 876 3894 in
889 3836 940 3896 the
954 3837 1055 3897 man'or
1069 3839 1103 3897 cf
1111 3839 1267 3916 Lispobell‚
1292 3837 1349 3896 end
1371 3837 1436 3897 that
1456 3839 1488 3896 in
1511 3838 1563 3899 the
1587 3839 1659 3916 goth
1680 3841 1713 3897 ol

315 3937 396 3994 Edw.
411 3935 476 4005 IIL,
496 3935 579 4012 1356,
595 3933 783 4012 Archbishop
796 3935 902 4014 Mynot
916 3935 1037 3995 claimed
1049 3936 1100 3994 the
1120 3936 1182 3995 said
1203 3936 1321 4015 Symon
1344 3936 1410 3995 who
1423 3957 1481 3996 was
1502 3957 1539 3996 an
1553 3937 1706 4006 Irishman‚

314 4056 344 4093 as
356 4035 404 4093 his
418 4034 533 4106 Nativa,
548 4034 605 4092 and
618 4033 781 4112 thereupon
794 4035 913 4094 entered
926 4036 989 4094 into
1002 4038 1161 4114 possession
1174 4038 1208 4096 of
1216 4036 1267 4094 the
1280 4036 1342 4094 said
1355 4037 1445 4096 lende.

389 4206 407 4234 ‘⁶
422 4215 606 4264 succuum
621 4217 730 4258 uarlvl
744 4217 858 4258 nomm
871 4216 1107 4260 Ancnmrlscom
1120 4217 1235 4259 nunant
1249 4217 1394 4260 taurona
1408 4218 1559 4260 sonamus
1573 4219 1628 4262 vu.

355 4321 532 4399 “Imprimis
545 4319 625 4380 John
635 4321 720 4380 Neile
728 4341 795 4380 novv
803 4323 837 4381 of
847 4321 988 4390 vaordes,
1008 4337 1091 4398 1531,
1103 4321 1128 4380 dt
1139 4320 1350 4380 Catherinehis
1359 4321 1562 4392 viseWaltcr,
1573 4319 1707 4378 Edmond

315 4420 371 4479 and
385 4419 551 4480 Robcrthis
572 4437 674 4478 sennes
687 4421 747 4478 also
760 4420 873 4479 Joanne
894 4419 941 4478 his
954 4439 1054 4499 young
1074 4419 1218 4497 daughter
1235 4421 1311 4478 Item
1324 4441 1390 4479 nov
1402 4430 1434 4478 at
1446 4421 1563 4498 Finglas
1583 4419 1707 4479 Thomas

317 4521 413 4580 Cerlle
425 4519 483 4579 and
500 4520 624 4579 lsabelle
641 4518 688 4577 his
701 4518 769 4578 vise
782 4518 856 4577 with
873 4519 920 4577 his
941 4528 1001 4577 two
1014 4518 1164 4590 brethren‚
1179 4519 1311 4578 William
1326 4519 1443 4578 &John
1457 4519 1515 4578 and
1534 4529 1593 4578 two
1607 4520 1706 4579 sistere

990 4615 1014 4682 S
1031 4637 1049 4684 2
1560 4619 1709 4679 Christian
