4284 5412
953 653 997 719 41

863 902 1095 977 XXXVIII.

789 1062 847 1136 Xe
864 1065 963 1134 satra
981 1071 1161 1134 accurato.

386 1255 445 1320 ΕΟ
459 1253 625 1319 indentura
633 1250 714 1318 facta
727 1249 810 1316 inter
823 1250 949 1316 fratrem
959 1249 1115 1314 Thomam
1128 1248 1267 1315 Priorem
1282 1248 1393 1314 domus
1408 1249 1560 1316 Omnium
1572 1250 1667 1317 Sanc-

406 1375 510 1425 torum
526 1358 647 1423 Dublin
667 1372 699 1423 et
716 1357 854 1442 ejusdem
870 1357 981 1422 domus
996 1372 1186 1422 conventum
1201 1381 1243 1422 ex
1258 1371 1344 1444 parte
1364 1381 1428 1422 una
1446 1372 1478 1423 et
1492 1359 1669 1426 Johannem

287 1468 502 1555 champenoys
521 1464 740 1530 Alexandrum
756 1463 882 1529 Hunter
905 1478 936 1530 et
950 1462 1147 1528 Willelmum
1167 1462 1282 1551 Hogge
1311 1464 1486 1550 capellanos
1517 1488 1560 1531 ex
1582 1483 1669 1554 parte

286 1575 378 1640 altera
392 1584 523 1638 testatur
540 1607 546 1621 ·
561 1568 647 1655 quod
661 1592 733 1634 cum
748 1567 880 1656 predicti
894 1566 1047 1655 capellani
1061 1566 1157 1632 seisiti
1172 1583 1204 1632 et
1215 1568 1430 1655 possessionati
1445 1569 1508 1636 sint
1521 1569 1555 1636 in
1570 1571 1670 1637 domi·

286 1681 353 1746 nico
368 1704 424 1744 suo
439 1693 476 1744 ut
490 1678 529 1744 de
543 1676 634 1743 feodo
649 1675 783 1762 simplici
798 1675 837 1740 de
852 1698 915 1739 uno
930 1674 1089 1762 mesuagio
1108 1697 1180 1738 cum
1195 1673 1395 1760 pertinenciis
1405 1674 1530 1761 jacente
1544 1675 1578 1740 in
1593 1677 1669 1742 civi-

286 1803 345 1855 tate
360 1787 483 1853 Dublin
506 1785 540 1851 in
563 1785 634 1850 vico
649 1781 776 1871 Rupelli
790 1797 823 1848 et
840 1782 874 1846 in
894 1781 1040 1870 parochia
1056 1781 1162 1847 Sancti
1178 1781 1323 1848 Nicholai
1347 1782 1486 1868 ejusdem
1509 1781 1668 1849 civitatis·

287 1894 497 1982 quodquidem
521 1891 714 1980 mesuagium
730 1891 815 1976 jacet
836 1889 870 1954 in
884 1889 1081 1978 longitudine
1103 1915 1122 1954 a
1146 1888 1217 1954 vico
1238 1889 1379 1976 predicto
1402 1887 1538 1954 anterius
1563 1913 1669 1955 versus

287 2013 420 2066 austrum
431 2020 529 2083 usque
541 1996 580 2061 ad
591 2009 704 2061 terram
715 1993 872 2080 quondam
884 1992 1014 2058 Roberti
1023 1992 1245 2058 Assheboume
1256 1993 1351 2058 modo
1362 1994 1384 2059 J
1384 1993 1514 2059 ohannis
1526 1994 1670 2083 Kylbery

284 2127 385 2170 versus
400 2102 578 2188 aquilonem
592 2115 624 2166 et
642 2100 781 2166 continet
799 2100 833 2164 in
852 2099 907 2164 illa
920 2098 1117 2188 longitudine
1133 2099 1300 2186 quinquies
1324 2101 1438 2189 viginti
1453 2101 1548 2189 pedes
1564 2140 1571 2154 ·
1587 2103 1667 2168 etin

286 2207 447 2272 latitudine
458 2207 539 2271 inter
555 2219 666 2271 terram
677 2206 835 2291 quondam
847 2207 977 2272 Roberti
992 2207 1031 2274 de
1042 2206 1185 2294 Willeby
1199 2207 1293 2272 modo
1305 2207 1431 2273 Roberti
1442 2208 1548 2274 Irland
1562 2233 1669 2275 versus

290 2311 435 2378 orientem
461 2325 493 2376 et
515 2325 628 2376 terram
644 2310 759 2375 Primis
784 2323 816 2376 et
834 2309 965 2376 fratrum
986 2310 1095 2375 domus
1117 2311 1224 2376 Sancti
1242 2312 1395 2378 Johannis
1414 2314 1554 2401 Baptista
1579 2333 1670 2383 extra

290 2441 398 2483 novam
416 2431 538 2505 portam
553 2416 675 2481 Dublin
698 2439 803 2482 versus
827 2416 1020 2482 occidentem
1043 2429 1075 2481 et
1094 2416 1233 2482 continet
1250 2417 1284 2482 in
1303 2417 1357 2483 ille
1370 2417 1536 2486 latitudine
1555 2421 1669 2510 viginti

289 2537 318 2588 et
330 2545 444 2587 novem
458 2521 552 2609 pedes
568 2558 575 2572 ·
591 2519 804 2606 quodquidem
819 2519 1013 2607 mesuagium
1028 2534 1189 2584 oneratum
1204 2520 1313 2586 existit
1327 2520 1418 2588 dictis
1433 2524 1534 2589 Priori
1549 2540 1581 2592 et
1595 2551 1668 2593 con-

289 2628 391 2694 ventui
415 2641 508 2714 prout
522 2627 561 2692 de
579 2626 651 2712 jure
666 2626 777 2691 domus
799 2625 1007 2712 suepredicte
1032 2625 1066 2689 in
1090 2640 1223 2711 quatuor
1245 2627 1383 2693 solidatis
1409 2631 1504 2697 annui
1529 2633 1669 2704 redditus

289 2734 439 2799 solvendis
462 2733 502 2798 ad
516 2733 594 2798 duos
617 2732 690 2798 anni
710 2731 857 2798 terminos
870 2769 876 2783 ·
890 2729 1038 2797 videlicet
1051 2730 1092 2795 ad
1106 2730 1182 2796 sesta
1198 2731 1304 2798 Sancti
1319 2733 1484 2802 Michaelis
1503 2753 1535 2804 et
1550 2740 1668 2808 Pascha

290 2841 373 2926 equis
386 2838 595 2928 porcionibus.

348 2947 486 3014 Predicti
502 2946 592 3011 Prior
614 2959 646 3011 et
659 2959 831 3012 conventus
852 2943 1080 3010 considerantes
1094 2944 1226 3032 grandes
1245 2969 1398 3034 expensas
1412 2963 1445 3016 et
1458 2950 1577 3018 labores
1592 2977 1669 3039 quos

289 3053 359 3121 dicti
374 3056 396 3121 J
397 3055 534 3119 ohannes
548 3053 734 3119 Alexander
748 3067 779 3119 et
794 3052 974 3118 Willelmus
988 3051 1117 3118 heredes
1137 3067 1169 3117 et
1183 3051 1329 3140 assignati
1345 3053 1392 3118 sui
1407 3058 1623 3123 sustentabunt
1637 3073 1670 3124 et

288 3184 439 3248 apponere
450 3159 618 3224 intendunt
628 3158 662 3223 in
676 3157 872 3246 reputacione
887 3157 1087 3224 edificacione
1101 3171 1134 3222 et
1144 3157 1365 3224 emendacione
1376 3159 1527 3248 mesuagii
1538 3163 1670 3249 predicti

288 3291 357 3332 cum
371 3264 590 3353 pertinenciis·
603 3265 685 3353 ipsos
699 3267 721 3332 J
722 3267 876 3331 ohannem
890 3264 1110 3330 Alexandrum
1130 3279 1163 3330 et
1173 3265 1370 3330 Willelmum
1386 3265 1514 3332 heredes
1528 3281 1561 3332 et
1575 3269 1668 3356 assig-

286 3387 371 3437 natos
383 3369 480 3434 libere
494 3383 634 3434 tenentes
645 3392 700 3434 seu
711 3369 853 3434 dominos
867 3383 1007 3434 tenentes
1021 3381 1054 3433 et
1063 3367 1213 3433 firmarios
1227 3369 1378 3458 mesuagii
1393 3370 1525 3458 predicti
1540 3397 1576 3439 ac
1590 3374 1670 3440 illud

284 3476 478 3564 mesuagium
492 3475 532 3542 de
547 3476 667 3542 duobus
682 3475 787 3540 solidis
802 3475 941 3540 redditus
956 3491 1088 3560 quatuor
1102 3475 1302 3540 solidatorum
1315 3476 1524 3564 predictarum
1539 3481 1670 3569 singulis

282 3584 371 3652 annis
387 3584 590 3665 [durantibus
604 3583 835 3668 quadraginta]
852 3579 940 3644 annis
954 3579 1098 3666 proxime
1121 3581 1321 3666 sequentibus
1336 3581 1444 3647 datum
1467 3585 1669 3653 confectionis

282 3689 480 3780 presencium
504 3686 631 3752 omnino
654 3700 686 3751 et
699 3685 837 3773 plenarie
861 3708 935 3773 erga
949 3685 1082 3772 prefatos
1098 3685 1237 3751 Priorem
1261 3699 1293 3752 et
1311 3707 1501 3754 conventum
1516 3691 1668 3759 Omnium

284 3797 472 3864 Sanctorum
495 3817 531 3859 ac
553 3815 740 3858 successores
763 3815 834 3856 suos
855 3809 1027 3858 exonerant
1050 3807 1083 3858 et
1104 3794 1246 3880 quietum
1264 3793 1383 3860 faciunt
1407 3821 1464 3884 per
1487 3815 1667 3884 presentes·

283 3905 382 3972 Salvo
393 3900 530 3990 plenarie
538 3899 610 3986 jure
624 3914 656 3964 et
667 3899 759 3965 titulo
769 3898 906 3987 ipsorum
919 3900 1034 3966 Prioris
1048 3915 1081 3966 et
1091 3915 1262 3968 conventus
1273 3925 1309 3967 ac
1320 3925 1527 3970 successorum
1543 3929 1668 3972 suorum

279 4011 412 4102 petendi
426 4008 562 4074 habendi
576 4022 608 4073 et
622 4008 747 4073 levandi
763 4009 937 4096 predictum
953 4009 1110 4098 integrum
1132 4008 1290 4074 redditum
1314 4025 1448 4095 quatuor
1470 4011 1669 4079 solidatorum

276 4119 319 4185 de
334 4114 495 4203 mesuagio
511 4113 650 4201 predicto
664 4138 737 4180 oum
751 4101 951 4204 pertinenciis
965 4129 1037 4201 post
1047 4115 1142 4180 finem
1156 4114 1282 4181 termini
1298 4114 1504 4204 quadraginta
1518 4142 1668 4185 annorum

280 4222 414 4312 singulis
436 4221 525 4286 annis
546 4220 586 4286 ad
601 4221 748 4287 terminos
762 4223 917 4311 predictos
932 4223 1161 4311 imperpetuum
1178 4261 1185 4274 ·
1202 4222 1321 4288 Dantes
1335 4234 1368 4288 et
1381 4223 1585 4290 concedentes
1598 4250 1668 4313 pre-

280 4329 359 4396 dicti
374 4330 396 4395 J
397 4329 533 4394 ohannes
547 4327 731 4395 Alexander
745 4345 777 4397 et
791 4330 970 4397 Willelmus
986 4354 1041 4418 pro
1063 4355 1095 4398 se
1110 4330 1277 4396 heredibus
1297 4346 1329 4397 et
1344 4330 1505 4420 assignatis
1523 4333 1585 4398 suia
1599 4358 1668 4421 pre-

285 4437 378 4505 dictis
392 4435 494 4501 Priori
509 4449 541 4500 et
554 4437 723 4502 conventui
738 4451 770 4504 et
783 4437 1007 4518 successoribus
1022 4437 1084 4502 suis
1099 4437 1223 4526 plenam
1237 4451 1344 4504 tenore
1359 4436 1554 4526 presencium
1568 4453 1668 4526 potes·

328 4563 420 4610 mrsn
436 4562 530 4610 anea.
547 4561 610 4608 soe.
631 4565 677 4608 ιο.
961 4543 993 4608 G
1573 4557 1668 4615 tatem
